%% Created using Papers on Thu, 13 Mar 2014.
%% http://papersapp.com/papers/

@article{Alexa:2006hg,
author = {Alexa, Adrian and Rahnenfhrer, Jorg and Lengauer, Thomas},
title = {{Improved scoring of functional groups from gene expression data by decorrelating GO graph structure.}},
journal = {Bioinformatics},
year = {2006},
volume = {22},
pages = {1607},
month = jul
}

@article{Ameyar:2003cc,
author = {Ameyar, M and Wisniewska, M and Weitzman, J B},
title = {{A role for AP-1 in apoptosis: the case for and against.}},
journal = {Biochimie},
year = {2003},
volume = {85},
number = {8},
pages = {747--752},
month = aug
}

@article{Barrell:2009br,
author = {Barrell, Daniel and Dimmer, Emily and Huntley, Rachael P and Binns, David and O'Donovan, Claire and Apweiler, Rolf},
title = {{The GOA database in 2009--an integrated Gene Ontology Annotation resource.}},
journal = {Nucleic Acids Research},
year = {2009},
volume = {37},
number = {Database issue},
pages = {D396--403},
month = jan
}

@article{Brito:2002ky,
author = {Brito, Gerly A C and Fujji, Jun and Carneiro-Filho, Benedito A and Lima, Aldo A M and Obrig, Tom and Guerrant, Richard L},
title = {{Mechanism of Clostridium difficile toxin A-induced apoptosis in T84 cells.}},
journal = {The Journal of infectious diseases},
year = {2002},
volume = {186},
number = {10},
pages = {1438--1447},
month = nov
}

@article{Carneiro:2006cw,
author = {Carneiro, Benedito A and Fujii, Jun and Brito, Gerly A C and Alcantara, Cirle and Oria, Reinaldo B and Lima, Aldo A M and Obrig, Tom and Guerrant, Richard L},
title = {{Caspase and Bid Involvement in Clostridium difficile Toxin A-Induced Apoptosis and Modulation of Toxin A Effects by Glutamine and Alanyl-Glutamine In Vivo and In Vitro}},
journal = {Infection and Immunity},
year = {2006},
volume = {74},
number = {1},
pages = {81--87},
month = jan
}

@article{ChavesOlarte:1997cs,
author = {Chaves-Olarte, E and Weidmann, M and Eichel-Streiber, C and Thelestam, M},
title = {{Toxins A and B from Clostridium difficile differ with respect to enzymatic potencies, cellular substrate specificities, and surface binding to cultured cells.}},
journal = {Journal of Clinical Investigation},
year = {1997},
volume = {100},
number = {7},
pages = {1734--1741},
month = oct,
annote = {Chaves-Olarte, EWeidmann, MEichel-Streiber, CThelestam, MComparative StudyResearch Support, Non-U.S. Gov{\&}apos;tUnited statesThe Journal of clinical investigationJ Clin Invest. 1997 Oct 1;100(7):1734-41.}
}

@article{Comer:2006wta,
author = {Comer, J E and Galindo, C L and Zhang, F and Wenglikowski, A M and Bush, K L and Garner, H R and Peterson, J W and Chopra, A K},
title = {{Murine macrophage transcriptional and functional responses to Bacillus anthracis edema toxin}},
journal = {Microbial pathogenesis},
year = {2006},
volume = {41},
pages = {(2--3):96--110}
}

@article{Comer:2005iza,
author = {Comer, J E and Galindo, C L and Chopra, A K and Peterson, J W},
title = {{GeneChip Analyses of Global Transcriptional Responses of Murine Macrophages to the Lethal Toxin of Bacillus anthracis}},
journal = {Infection and Immunity},
year = {2005},
volume = {73},
number = {3},
pages = {1879--1885},
month = feb
}

@article{Denicourt:2004bw,
author = {Denicourt, Catherine and Dowdy, Steven F},
title = {{Cip/Kip proteins: more than just CDKs inhibitors}},
journal = {Genes {\&} Development},
year = {2004},
volume = {18},
number = {8},
pages = {851--855},
month = apr
}

@article{Dubberke:2009ic,
author = {Dubberke, E R and Wertheimer, A I},
title = {{Review of current literature on the economic burden of Clostridium difficile infection}},
journal = {Infection Control and Hospital {\ldots}},
year = {2009}
}

@article{Egerer:2007fy,
author = {Egerer, Martina and Giesemann, Torsten and Jank, Thomas and Satchell, Karla J Fullner and Aktories, Klaus},
title = {{Auto-catalytic cleavage of Clostridium difficile toxins A and B depends on cysteine protease activity.}},
journal = {The Journal of biological chemistry},
year = {2007},
volume = {282},
number = {35},
pages = {25314--25321},
month = aug
}

@article{Fiorentini:1998uh,
author = {Fiorentini, C and Fabbri, A and Falzano, L and Fattorossi, A and Matarrese, P and Rivabene, R and Donelli, G},
title = {{Clostridium difficile toxin B induces apoptosis in intestinal cultured cells.}},
journal = {Infection and Immunity},
year = {1998},
volume = {66},
number = {6},
pages = {2660--2665},
month = jun
}

@article{Flegel:1991ws,
author = {Flegel, W A and Muller, F and Daubener, W and Fischer, H G and Hadding, U and Northoff, H},
title = {{Cytokine response by human monocytes to Clostridium difficile toxin A and toxin B}},
journal = {Infect Immun},
year = {1991},
volume = {59},
number = {10},
pages = {3659--3666}
}

@article{Freeman:2010bv,
author = {Freeman, J and Bauer, M P and Baines, S D and Corver, J and Fawley, W N and Goorhuis, B and Kuijper, E J and Wilcox, M H},
title = {{The changing epidemiology of Clostridium difficile infections.}},
journal = {Clinical microbiology reviews},
year = {2010},
volume = {23},
number = {3},
pages = {529--549},
month = jul
}

@article{Frisch:2003jo,
author = {Frisch, Cornelia and Gerhard, Ralf and Aktories, Klaus and Hofmann, Fred and Just, Ingo},
title = {{The complete receptor-binding domain of Clostridium difficile toxin A is required for endocytosis.}},
journal = {Biochem Biophys Res Commun},
year = {2003},
volume = {300},
number = {3},
pages = {706--711},
month = jan
}

@article{George:2004jj,
author = {George, Thaddeus C and Basiji, David A and Hall, Brian E and Lynch, David H and Ortyn, William E and Perry, David J and Seo, Michael J and Zimmerman, Cathleen A and Morrissey, Philip J},
title = {{Distinguishing modes of cell death using the ImageStream multispectral imaging flow cytometer.}},
journal = {Cytometry. Part A : the journal of the International Society for Analytical Cytology},
year = {2004},
volume = {59},
number = {2},
pages = {237--245},
month = jun
}

@article{Gerhard:2008wz,
author = {Gerhard, R and Nottrott, S and Schoentaube, J and Tatge, H and Olling, A and Just, I},
title = {{Glucosylation of Rho GTPases by Clostridium difficile toxin A triggers apoptosis in intestinal epithelial cells}},
journal = {J Med Microbiol},
year = {2008},
volume = {57},
number = {Pt 6},
pages = {765--770}
}

@article{He:2000uc,
author = {He, D and Hagen, S J and Pothoulakis, C and Chen, M and Medina, N D and Warny, M and LaMont, J T},
title = {{Clostridium difficile toxin A causes early damage to mitochondria in cultured cells.}},
journal = {Gastroenterology},
year = {2000},
volume = {119},
number = {1},
pages = {139--150},
month = jul,
annote = {He, DHagen, S JPothoulakis, CChen, MMedina, N DWarny, MLaMont, J TUnited statesGastroenterologyGastroenterology. 2000 Jul;119(1):139-50.}
}

@article{He:2002cl,
author = {He, Dan and Sougioultzis, Stavros and Hagen, Susan and Liu, Jennifer and Keates, Sarah and Keates, Andrew C and Pothoulakis, Charalabos and LaMont, J Thomas},
title = {{Clostridium difficile toxin A triggers human colonocyte IL-8 release via mitochondrial oxygen radical generation.}},
journal = {Gastroenterology},
year = {2002},
volume = {122},
number = {4},
pages = {1048--1057},
month = apr,
annote = {He, DanSougioultzis, StavrosHagen, SusanLiu, JenniferKeates, SarahKeates, Andrew CPothoulakis, CharalabosLamont, J ThomasDK 34583/DK/NIDDK NIH HHS/United StatesDK 47343/DK/NIDDK NIH HHS/United StatesResearch Support, U.S. Gov{\&}apos;t, P.H.S.United StatesGastroenterologyGastroenterology. 2002 Apr;122(4):1048-57.}
}

@article{Henery:2008jz,
author = {Henery, Shannon and George, Thaddeus and Hall, Brian and Basiji, David and Ortyn, William and Morrissey, Philip},
title = {{Quantitative image based apoptotic index measurement using multispectral imaging flow cytometry: a comparison with standard photometric methods}},
journal = {Apoptosis},
year = {2008},
volume = {13},
number = {8},
pages = {1054--1063},
month = jun
}

@article{Huelsenbeck:2007df,
author = {Huelsenbeck, J and Dreger, S and Gerhard, R and Barth, H and Just, I and Genth, H},
title = {{Difference in the cytotoxic effects of toxin B from Clostridium difficile strain VPI 10463 and toxin B from variant Clostridium difficile strain 1470}},
journal = {Infect Immun},
year = {2007},
volume = {75},
number = {2},
pages = {801--809}
}

@article{Huelsenbeck:2009di,
author = {Huelsenbeck, Stefanie C and May, Martin and Schmidt, Gudula and Genth, Harald},
title = {{Inhibition of cytokinesis by Clostridium difficile toxin B and cytotoxic necrotizing factors--reinforcing the critical role of RhoA in cytokinesis.}},
journal = {Cell motility and the cytoskeleton},
year = {2009},
volume = {66},
number = {11},
pages = {967--975},
month = nov
}

@article{Janvilisri:2010wf,
author = {Janvilisri, Tavan and Scaria, Joy and Chang, Yung-Fu},
title = {{Transcriptional profiling of Clostridium difficile and Caco-2 cells during infection.}},
journal = {Journal of Infectious Diseases},
year = {2010},
volume = {202},
number = {2},
pages = {282--290},
month = jul
}

@article{Kim:2005jk,
author = {Kim, Ho and Kokkotou, Efi and Na, Xi and Rhee, Sang Hoon and Moyer, Mary P and Pothoulakis, Charalabos and LaMont, J Thomas},
title = {{Clostridium difficile Toxin A{\textendash}Induced Colonocyte Apoptosis Involves p53-Dependent p21(WAF1/CIP1) Induction via p38 Mitogen-Activated Protein Kinase}},
journal = {Gastroenterology},
year = {2005},
volume = {129},
number = {6},
pages = {1875--1888},
month = dec
}

@article{Kim:2010ja,
author = {Kim, Minsoo and Ashida, Hiroshi and Ogawa, Michinaga and Yoshikawa, Yuko and Mimuro, Hitomi and Sasakawa, Chihiro},
title = {{Bacterial Interactions with the Host Epithelium}},
journal = {Cell Host {\&} Microbe},
year = {2010},
volume = {8},
number = {1},
pages = {20--35},
month = jul
}

@article{Kuehne:2010hv,
author = {Kuehne, Sarah A and Cartman, Stephen T and Heap, John T and Kelly, Michelle L and Cockayne, Alan and Minton, Nigel P},
title = {{The role of toxin A and toxin B in Clostridium difficile infection}},
journal = {Nature},
year = {2010},
volume = {467},
number = {7316},
pages = {711--713},
month = oct,
annote = {Kuehne, Sarah ACartman, Stephen THeap, John TKelly, Michelle LCockayne, AlanMinton, Nigel PBB/F003390/1/Biotechnology and Biological Sciences Research Council/United KingdomG0601176/Medical Research Council/United KingdomResearch Support, Non-U.S. Gov{\&}apos;tEnglandNatureNature. 2010 Oct 7;467(7316):711-3. Epub 2010 Sep 15.}
}

@article{Lee:2007gj,
author = {Lee, Jin Young and Park, Hye Ri and Oh, Yu-Kyoung and Kim, Yeong-Jeon and Youn, Jeehee and Han, Joong-Soo and Kim, Jung Mogg},
title = {{Effects of transcription factor activator protein-1 on interleukin-8 expression and enteritis in response to Clostridium difficile toxin A}},
journal = {Journal of molecular medicine (Berlin, Germany)},
year = {2007},
volume = {85},
number = {12},
pages = {1393--1404},
month = jul
}

@article{LeyvaIllades:2010fv,
author = {Leyva-Illades, D and Cherla, R P and Galindo, C L and Chopra, A K and Tesh, V L},
title = {{Global Transcriptional Response of Macrophage-Like THP-1 Cells to Shiga Toxin Type 1}},
journal = {Infection and Immunity},
year = {2010},
volume = {78},
number = {6},
pages = {2454--2465},
month = may
}

@article{Lu:2008cr,
author = {Lu, Changming and Pelech, Steven and Zhang, Hong and Bond, Jeffrey and Spach, Karen and Noubade, Rajkumar and Blankenhorn, Elizabeth P and Teuscher, Cory},
title = {{Pertussis toxin induces angiogenesis in brain microvascular endothelial cells}},
journal = {Journal of Neuroscience Research},
year = {2008},
volume = {86},
number = {12},
pages = {2624--2640},
month = sep
}

@article{Lyras:2009jx,
author = {Lyras, Dena and Connor, Jennifer R O rsquo and Howarth, Pauline M and Sambol, Susan P and Carter, Glen P and Phumoonna, Tongted and Poon, Rachael and Adams, Vicki and Vedantam, Gayatri and Johnson, Stuart and Gerding, Dale N and Rood, Julian I},
title = {{Toxin B is essential for virulence of Clostridium difficile}},
journal = {Nature},
year = {2009},
volume = {458},
number = {7242},
pages = {1176--1179},
month = mar
}

@article{Matarrese:2007ix,
author = {Matarrese, P and Falzano, L and Fabbri, A and Gambardella, L and Frank, C and Geny, B and Popoff, M R and Malorni, W and Fiorentini, C},
title = {{Clostridium difficile toxin B causes apoptosis in epithelial cells by thrilling mitochondria. Involvement of ATP-sensitive mitochondrial potassium channels}},
journal = {The Journal of biological chemistry},
year = {2007},
volume = {282},
number = {12},
pages = {9029--9041}
}

@article{Meyer:2007kj,
author = {Meyer, Gesa K A and Neetz, Anne and Brandes, Gudrun and Tsikas, Dimitrios and Butterfield, Joseph H and Just, Ingo and Gerhard, Ralf},
title = {{Clostridium difficile toxins A and B directly stimulate human mast cells.}},
journal = {Infection and Immunity},
year = {2007},
volume = {75},
number = {8},
pages = {3868--3876},
month = aug,
annote = {Meyer, Gesa K ANeetz, AnneBrandes, GudrunTsikas, DimitriosButterfield, Joseph HJust, IngoGerhard, RalfResearch Support, Non-U.S. Gov{\&}apos;tUnited StatesInfection and immunityInfect Immun. 2007 Aug;75(8):3868-76. Epub 2007 May 21.}
}

@article{Murray:2004ge,
author = {Murray, Andrew W},
title = {{Recycling the cell cycle: cyclins revisited.}},
journal = {Cell},
year = {2004},
volume = {116},
number = {2},
pages = {221--234},
month = jan
}

@article{Na:2005bx,
author = {Na, X and Zhao, D and Koon, H W and Kim, H and Husmark, J and Moyer, M P and Pothoulakis, C and LaMont, J T},
title = {{Clostridium difficile toxin B activates the EGF receptor and the ERK/MAP kinase pathway in human colonocytes}},
journal = {Gastroenterology},
year = {2005},
volume = {128},
number = {4},
pages = {1002--1011}
}

@article{Nottrott:2007ep,
author = {Nottrott, Stefanie and Schoentaube, Janett and Genth, Harald and Just, Ingo and Gerhard, Ralf},
title = {{Clostridium difficile toxin A-induced apoptosis is p53-independent but depends on glucosylation of Rho GTPases}},
journal = {Apoptosis},
year = {2007},
volume = {12},
number = {8},
pages = {1443--1453},
month = apr
}

@article{Nougayrede:2005dm,
author = {Nougayrede, Jean-Philippe and Taieb, Frederic and Rycke, Jean De and Oswald, Eric},
title = {{Cyclomodulins: bacterial effectors that modulate the eukaryotic cell cycle}},
journal = {Trends in Microbiology},
year = {2005},
volume = {13},
number = {3},
pages = {103--110},
month = mar
}

@article{Nusrat:2001cs,
author = {Nusrat, A and von Eichel-Streiber, C and Turner, J R and Verkade, P and Madara, J L and Parkos, C A},
title = {{Clostridium difficile toxins disrupt epithelial barrier function by altering membrane microdomain localization of tight junction proteins.}},
journal = {Infection and Immunity},
year = {2001},
volume = {69},
number = {3},
pages = {1329--1336},
month = apr
}

@article{Papatheodorou:2010io,
author = {Papatheodorou, P and Zamboglou, C and Genisyuerek, S and Guttenberg, G and Aktories, K},
title = {{Clostridial glucosylating toxins enter cells via clathrin-mediated endocytosis}},
journal = {PLoS ONE},
year = {2010},
volume = {5},
number = {5},
pages = {e10673}
}

@article{QaaposDan:2002uj,
author = {Qa'Dan, Maen and Ramsey, Matthew and Daniel, Jeremy and Spyres, Lea M and Safiejko-Mroczka, Barbara and Ortiz-Leduc, William and Ballard, Jimmy D},
title = {{Clostridium difficile toxin B activates dual caspase-dependent and caspase-independent apoptosis in intoxicated cells}},
journal = {Cellular Microbiology},
year = {2002},
volume = {4},
number = {7},
pages = {425--434},
month = jul
}

@article{Qiu:1999us,
author = {Qiu, B and Pothoulakis, C and Castagliuolo, I and Nikulasson, S and LaMont, J T},
title = {{Participation of reactive oxygen metabolites in Clostridium difficile toxin A-induced enteritis in rats.}},
journal = {The American journal of physiology},
year = {1999},
volume = {276},
number = {2 Pt 1},
pages = {G485--90},
month = mar,
annote = {Qiu, BPothoulakis, CCastagliuolo, INikulasson, SLaMont, J TDK-34583/DK/NIDDK NIH HHS/United StatesIn VitroResearch Support, Non-U.S. Gov{\&}apos;tResearch Support, U.S. Gov{\&}apos;t, P.H.S.United statesThe American journal of physiologyAm J Physiol. 1999 Feb;276(2 Pt 1):G485-90.}
}

@article{Resnik:1999jl,
author = {Resnik, Philip},
title = {{Semantic similarity in a taxonomy: An information-based measure and its application to problems of ambiguity in natural language}},
journal = {Journal of Artificial Intelligence Research},
year = {1999},
volume = {11},
pages = {95--130}
}

@article{Riegler:1995jz,
author = {Riegler, M and Sedivy, R and Pothoulakis, C and Hamilton, G and Zacherl, J and Bischof, G and Cosentini, E and Feil, W and Schiessel, R and LaMont, J T},
title = {{Clostridium difficile toxin B is more potent than toxin A in damaging human colonic epithelium in vitro.}},
journal = {Journal of Clinical Investigation},
year = {1995},
volume = {95},
number = {5},
pages = {2004--2011},
month = may
}

@article{Smyth:2005ht,
author = {Smyth, G K},
title = {{limma: Linear Models for Microarray Data}},
journal = {{\ldots} and computational biology solutions using R and {\ldots}},
year = {2005},
number = {Chapter 23},
pages = {397--420}
}

@article{Smyth:2004gh,
author = {Smyth, Gordon K},
title = {{Linear models and empirical bayes methods for assessing differential expression in microarray experiments.}},
journal = {Statistical applications in genetics and molecular biology},
year = {2004},
volume = {3},
pages = {Article3}
}

@article{Tompkins:1974ud,
author = {Tompkins, W A and Watrach, A M and Schmale, J D and Schultz, R M and Harris, J A},
title = {{Cultural and antigenic properties of newly established cell strains derived from adenocarcinomas of the human colon and rectum.}},
journal = {Journal of the National Cancer Institute},
year = {1974},
volume = {52},
number = {4},
pages = {1101--1110},
month = may
}

@article{Warny:2005kd,
author = {Warny, Michel and Pepin, Jacques and Fang, Aiqi and Killgore, George and Thompson, Angela and Brazier, Jon and Frost, Eric and Mcdonald, L Clifford},
title = {{Toxin production by an emerging strain of Clostridium difficile associated with outbreaks of severe disease in North America and Europe.}},
journal = {Lancet},
year = {2005},
volume = {366},
number = {9491},
pages = {1079--1084},
month = sep
}

@article{Welsh:2001id,
author = {Welsh, C F and Roovers, K and Villanueva, J and Liu, Y and Schwartz, M A and Assoian, R K},
title = {{Timing of cyclin D1 expression within G1 phase is controlled by Rho.}},
journal = {Nature cell biology},
year = {2001},
volume = {3},
number = {11},
pages = {950--957},
month = nov
}

@article{Wu:2004ha,
author = {Wu, Z and Irizarry, R A and Gentleman, R and Murillo, F M and Spencer, F},
title = {{A Model-Based Background Adjustment for Oligonucleotide Expression Arrays}},
journal = {Journal of the American Statistical Association},
year = {2004},
month = dec
}

@article{Zilberberg:2008gd,
author = {Zilberberg, Marya D and Shorr, Andrew F and Kollef, Marin H},
title = {{Increase in Adult Clostridium difficile-related Hospitalizations and Case-Fatality Rate, United States, 2000-2005}},
journal = {Emerging infectious diseases},
year = {2008},
volume = {14},
number = {6},
pages = {929--931},
month = jun
}

