%% Created using Papers on Wed, 26 Mar 2014.
%% http://papersapp.com/papers/

@article{Becker:2010io,
author = {Becker, Stephen M and Cho, Kyou-Nam and Guo, Xiaoti and Fendig, Kirsten and Oosman, Mohammed N and Whitehead, Robert and Cohn, Steven M and Houpt, Eric R},
title = {{Epithelial cell apoptosis facilitates Entamoeba histolytica infection in the gut.}},
journal = {The American Journal of Pathology},
year = {2010},
volume = {176},
number = {3},
pages = {1316--1322},
month = mar
}

@article{Brito:2002kq,
author = {Brito, Gerly A C and Sullivan, Gail W and Ciesla Jr, William P and Carper, Holliday T and Mandell, Gerald L and Guerrant, Richard L},
title = {{\textit{Clostridium difficile} Toxin A Alters In Vitro-Adherent Neutrophil Morphology and Function}},
journal = {Journal of Infectious Diseases},
year = {2002},
volume = {185},
number = {9},
pages = {1297--1306},
month = may,
annote = {Brito, Gerly A CSullivan, Gail WCiesla, William P JrCarper, Holliday TMandell, Gerald LGuerrant, Richard LAI-09504/AI/NIAID NIH HHS/United StatesResearch Support, Non-U.S. Gov{\&}apos;tResearch Support, U.S. Gov{\&}apos;t, P.H.S.United StatesThe Journal of infectious diseasesJ Infect Dis. 2002 May 1;185(9):1297-306. Epub 2002 Apr 16.}
}

@article{Calderon:1998tr,
author = {Calderon, G M and Torres-Lopez, J and Lin, T J and Chavez, B and Hernandez, M and Munoz, O and Befus, A D and Enciso, J A},
title = {{Effects of toxin A from \textit{Clostridium difficile} on mast cell activation and survival.}},
journal = {Infection and Immunity},
year = {1998},
volume = {66},
number = {6},
pages = {2755--2761},
month = jun
}

@article{Castagliuolo:1998um,
author = {Castagliuolo, I and Keates, A C and Wang, C C and Pasha, A and Valenick, L and Kelly, C P and Nikulasson, S T and LaMont, J T and Pothoulakis, C},
title = {{\textit{Clostridium difficile} toxin A stimulates macrophage-inflammatory protein-2 production in rat intestinal epithelial cells.}},
journal = {Journal of Immunology},
year = {1998},
volume = {160},
number = {12},
pages = {6039--6045},
month = jun
}

@article{Castagliuolo:1998fu,
author = {Castagliuolo, I and Riegler, M and Pasha, A and Nikulasson, S and Lu, B and Gerard, C and Gerard, N P and Pothoulakis, C},
title = {{Neurokinin-1 (NK-1) receptor is required in \textit{Clostridium difficile}- induced enteritis.}},
journal = {Journal of Clinical Investigation},
year = {1998},
volume = {101},
number = {8},
pages = {1547--1550},
month = may,
annote = {Castagliuolo, IRiegler, MPasha, ANikulasson, SLu, BGerard, CGerard, N PPothoulakis, CDK-47343/DK/NIDDK NIH HHS/United StatesHL-36162/HL/NHLBI NIH HHS/United StatesHL-51366/HL/NHLBI NIH HHS/United StatesIn VitroResearch Support, Non-U.S. Gov{\&}apos;tResearch Support, U.S. Gov{\&}apos;t, P.H.S.United statesThe Journal of clinical investigationJ Clin Invest. 1998 Apr 15;101(8):1547-50.}
}

@article{Castagliuolo:1994ta,
author = {Castagliuolo, I and LaMont, J T and Letourneau, R and Kelly, C and O'Keane, J C and Jaffer, A and Theoharides, T C and Pothoulakis, C},
title = {{Neuronal involvement in the intestinal effects of \textit{Clostridium difficile} toxin A and Vibrio cholerae enterotoxin in rat ileum.}},
journal = {Gastroenterology},
year = {1994},
volume = {107},
number = {3},
pages = {657--665},
month = sep
}

@article{ChavesOlarte:1997cs,
author = {Chaves-Olarte, E and Weidmann, M and Eichel-Streiber, C and Thelestam, M},
title = {{Toxins A and B from \textit{Clostridium difficile} differ with respect to enzymatic potencies, cellular substrate specificities, and surface binding to cultured cells.}},
journal = {Journal of Clinical Investigation},
year = {1997},
volume = {100},
number = {7},
pages = {1734--1741},
month = oct,
annote = {Chaves-Olarte, EWeidmann, MEichel-Streiber, CThelestam, MComparative StudyResearch Support, Non-U.S. Gov{\&}apos;tUnited statesThe Journal of clinical investigationJ Clin Invest. 1997 Oct 1;100(7):1734-41.}
}

@article{ChavesOlarte:1996jy,
author = {Chaves-Olarte, E and Florin, I and Boquet, P and Popoff, M and von Eichel-Streiber, C and Thelestam, M},
title = {{UDP-glucose deficiency in a mutant cell line protects against glucosyltransferase toxins from \textit{Clostridium difficile} and Clostridium sordellii.}},
journal = {The Journal of Biological Chemistry},
year = {1996},
volume = {271},
number = {12},
pages = {6925--6932},
month = mar
}

@article{Chumbler:2012co,
author = {Chumbler, Nicole M and Farrow, Melissa A and Lapierre, Lynne A and Franklin, Jeffrey L and Haslam, David B and Haslam, David and Goldenring, James R and Lacy, D Borden},
title = {{\textit{Clostridium difficile} Toxin B causes epithelial cell necrosis through an autoprocessing-independent mechanism.}},
journal = {PLoS pathogens},
year = {2012},
volume = {8},
number = {12},
pages = {e1003072}
}

@article{DAuria:2013jo,
author = {D'Auria, Kevin M and Kolling, Glynis L and Donato, Gina M and Warren, Cirle A and Gray, Mary C and Hewlett, Erik L and Papin, Jason A},
title = {{In vivo physiological and transcriptional profiling reveals host responses to \textit{Clostridium difficile} toxin A and toxin B.}},
journal = {Infection and Immunity},
year = {2013},
volume = {81},
number = {10},
pages = {3814--3824},
month = oct
}

@article{DAuria:2012bd,
author = {D'Auria, Kevin M and Donato, Gina M and Gray, Mary C and Kolling, Glynis L and Warren, Cirle A and Cave, Lauren M and Solga, Michael D and Lannigan, Joanne A and Papin, Jason A and Hewlett, Erik L},
title = {{Systems analysis of the transcriptional response of human ileocecal epithelial cells to \textit{Clostridium difficile} toxins and effects on cell cycle control.}},
journal = {BMC Systems Biology},
year = {2012},
volume = {6},
number = {1},
pages = {2}
}

@article{Dailey:1987vo,
author = {Dailey, D C and Kaiser, A and Schloemer, R H},
title = {{Factors influencing the phagocytosis of \textit{Clostridium difficile} by human polymorphonuclear leukocytes.}},
journal = {Infection and Immunity},
year = {1987}
}

@article{Dingle:2008gu,
author = {Dingle, Tanis and Wee, Stefanie and Mulvey, George L and Greco, Antonio and Kitova, Elena N and Sun, Jiangxiao and Lin, Shuangjun and Klassen, John S and Palcic, Monica M and Ng, Kenneth K S and Armstrong, Glen D},
title = {{Functional properties of the carboxy-terminal host cell-binding domains of the two toxins, TcdA and TcdB, expressed by \textit{Clostridium difficile}.}},
journal = {Glycobiology},
year = {2008},
volume = {18},
number = {9},
pages = {698--706},
month = sep
}

@article{Frisch:2003jo,
author = {Frisch, Cornelia and Gerhard, Ralf and Aktories, Klaus and Hofmann, Fred and Just, Ingo},
title = {{The complete receptor-binding domain of \textit{Clostridium difficile} toxin A is required for endocytosis.}},
journal = {Biochem Biophys Res Commun},
year = {2003},
volume = {300},
number = {3},
pages = {706--711},
month = jan
}

@article{Gerhard:2011hm,
author = {Gerhard, R and Queier, S and Tatge, H and Meyer, G},
title = {{Down-regulation of interleukin-16 in human mast cells HMC-1 by \textit{Clostridium difficile} toxins A and B}},
journal = {Naunyn-Schmiedeberg's {\ldots}},
year = {2011}
}

@article{Gerhard:2008wz,
author = {Gerhard, R and Nottrott, S and Schoentaube, J and Tatge, H and Olling, A and Just, I},
title = {{Glucosylation of Rho GTPases by \textit{Clostridium difficile} toxin A triggers apoptosis in intestinal epithelial cells}},
journal = {J Med Microbiol},
year = {2008},
volume = {57},
number = {Pt 6},
pages = {765--770}
}

@article{Gerhard:2005dg,
author = {Gerhard, R and Tatge, H and Genth, H and Thum, T and Borlak, J and Fritz, G and Just, I},
title = {{\textit{Clostridium difficile} toxin A induces expression of the stress-induced early gene product RhoB}},
journal = {The Journal of Biological Chemistry},
year = {2005},
volume = {280},
number = {2},
pages = {1499--1505},
annote = {Gerhard, RalfTatge, HelmaGenth, HaraldThum, ThomasBorlak, JurgenFritz, GerhardJust, IngoResearch Support, Non-U.S. Gov{\&}apos;tUnited StatesThe Journal of biological chemistryJ Biol Chem. 2005 Jan 14;280(2):1499-505. Epub 2004 Nov 5.}
}

@article{Grossmann:2000cg,
author = {Grossmann, E M and Longo, W E and Kaminski, D L and Smith, G S and Murphy, C E and Durham, R L and Shapiro, M J and Norman, J G and Mazuski, J E},
title = {{\textit{Clostridium difficile} toxin: cytoskeletal changes and lactate dehydrogenase release in hepatocytes.}},
journal = {The Journal of surgical research},
year = {2000},
volume = {88},
number = {2},
pages = {165--172},
month = feb
}

@article{He:2009bs,
author = {He, X and Sun, X and Wang, J and Wang, X and Zhang, Q},
title = {{Antibody-enhanced, Fc gamma receptor-mediated endocytosis of \textit{Clostridium difficile} toxin A}},
journal = {Infection and {\ldots}},
year = {2009}
}

@article{He:2009hga,
author = {He, Xiangyun and Wang, Jufang and Steele, Jennifer and Sun, Xingmin and Nie, Weijia and Tzipori, Saul and Feng, Hanping},
title = {{An ultrasensitive rapid immunocytotoxicity assay for detecting \textit{Clostridium difficile} toxins}},
journal = {Journal of Microbiological Methods},
year = {2009},
volume = {78},
number = {1},
pages = {97--100},
month = jul
}

@article{He:2009hg,
author = {He, Xiangyun and Wang, Jufang and Steele, Jennifer and Sun, Xingmin and Nie, Weijia and Tzipori, Saul and Feng, Hanping},
title = {{An ultrasensitive rapid immunocytotoxicity assay for detecting \textit{Clostridium difficile} toxins.}},
journal = {Journal of Microbiological Methods},
year = {2009},
volume = {78},
number = {1},
pages = {97--100},
month = jul
}

@article{Jafari:2013ji,
author = {Jafari, Nazila V and Kuehne, Sarah A and Bryant, Clare E and Elawad, Mamoun and Wren, Brendan W and Minton, Nigel P and Allan, Elaine and Bajaj-Elliott, Mona},
title = {{\textit{Clostridium difficile} modulates host innate immunity via toxin-independent and dependent mechanism(s).}},
journal = {PLoS ONE},
year = {2013},
volume = {8},
number = {7},
pages = {e69846}
}

@article{Johal:2004jq,
author = {Johal, S S and Lambert, C P and Hammond, J and James, P D and Borriello, S P and Mahida, Y R},
title = {{Colonic IgA producing cells and macrophages are reduced in recurrent and non-recurrent \textit{Clostridium difficile} associated diarrhoea.}},
journal = {Journal of clinical pathology},
year = {2004},
volume = {57},
number = {9},
pages = {973--979},
month = sep
}

@article{Keel:2007jh,
author = {Keel, M K and Songer, J G},
title = {{The distribution and density of \textit{Clostridium difficile} toxin receptors on the intestinal mucosa of neonatal pigs.}},
journal = {Veterinary pathology},
year = {2007},
volume = {44},
number = {6},
pages = {814--822},
month = nov
}

@article{Kelly:1994wd,
author = {Kelly, C P and Keates, S and Siegenberg, D and Linevsky, J K and Pothoulakis, C and Brady, H R},
title = {{IL-8 secretion and neutrophil activation by HT-29 colonic epithelial cells.}},
journal = {The American Journal of Physiology},
year = {1994},
volume = {267},
number = {6 Pt 1},
pages = {G991--7},
month = dec
}

@article{Kelly:1994cu,
author = {Kelly, C P and Becker, S and Linevsky, J K and Joshi, M A and O'Keane, J C and Dickey, B F and LaMont, J T and Pothoulakis, C},
title = {{Neutrophil recruitment in \textit{Clostridium difficile} toxin A enteritis in the rabbit.}},
journal = {Journal of Clinical Investigation},
year = {1994},
volume = {93},
number = {3},
pages = {1257--1265},
month = mar,
annote = {Kelly, C PBecker, SLinevsky, J KJoshi, M AO{\&}apos;Keane, J CDickey, B FLaMont, J TPothoulakis, CDK-02128/DK/NIDDK NIH HHS/United StatesDK-34583/DK/NIDDK NIH HHS/United StatesHL-43161/HL/NHLBI NIH HHS/United Statesetc.Research Support, Non-U.S. Gov{\&}apos;tResearch Support, U.S. Gov{\&}apos;t, P.H.S.United statesThe Journal of clinical investigationJ Clin Invest. 1994 Mar;93(3):1257-65.}
}

@article{Kuehne:2010hv,
author = {Kuehne, Sarah A and Cartman, Stephen T and Heap, John T and Kelly, Michelle L and Cockayne, Alan and Minton, Nigel P},
title = {{The role of toxin A and toxin B in \textit{Clostridium difficile} infection}},
journal = {Nature},
year = {2010},
volume = {467},
number = {7316},
pages = {711--713},
month = oct,
annote = {Kuehne, Sarah ACartman, Stephen THeap, John TKelly, Michelle LCockayne, AlanMinton, Nigel PBB/F003390/1/Biotechnology and Biological Sciences Research Council/United KingdomG0601176/Medical Research Council/United KingdomResearch Support, Non-U.S. Gov{\&}apos;tEnglandNatureNature. 2010 Oct 7;467(7316):711-3. Epub 2010 Sep 15.}
}

@article{Larson:1977th,
author = {Larson, H E and Parry, J V and Price, A B and Davies, D R and Dolby, J and Tyrrell, D A},
title = {{Undescribed toxin in pseudomembranous colitis.}},
journal = {British medical journal},
year = {1977},
volume = {1},
number = {6071},
pages = {1246--1248},
month = jun
}

@article{Lee:2008jf,
author = {Lee, Jin Young and Kim, Hyunah and Cha, Mi Yeon and Park, Hong Gyu and Kim, Young-Jeon and Kim, In Young and Kim, Jung Mogg},
title = {{\textit{Clostridium difficile} toxin A promotes dendritic cell maturation and chemokine CXCL2 expression through p38, IKK, and the NF-$\kappa$B signaling pathway}},
journal = {Journal of molecular medicine (Berlin, Germany)},
year = {2008},
volume = {87},
number = {2},
pages = {169--180},
month = nov
}

@article{Libby:1982wm,
author = {Libby, J M and Jortner, B S and Wilkins, T D},
title = {{Effects of the two toxins of \textit{Clostridium difficile} in antibiotic-associated cecitis in hamsters.}},
journal = {Infection and Immunity},
year = {1982},
volume = {36},
number = {2},
pages = {822--829},
month = may,
annote = {Libby, J MJortner, B SWilkins, T DAI 15749/AI/NIAID NIH HHS/United StatesResearch Support, U.S. Gov{\&}apos;t, P.H.S.United statesInfection and immunityInfect Immun. 1982 May;36(2):822-9.}
}

@article{Linevsky:1997wt,
author = {Linevsky, J K and Pothoulakis, C and Keates, S and Warny, M and Keates, A C and LaMont, J T and Kelly, C P},
title = {{IL-8 release and neutrophil activation by \textit{Clostridium difficile} toxin-exposed human monocytes.}},
journal = {The American Journal of Physiology},
year = {1997},
volume = {273},
number = {6 Pt 1},
pages = {G1333--40},
month = dec,
annote = {Linevsky, J KPothoulakis, CKeates, SWarny, MKeates, A CLamont, J TKelly, C PDK-02128/DK/NIDDK NIH HHS/United StatesDK-34583-09/DK/NIDDK NIH HHS/United StatesResearch Support, Non-U.S. Gov{\&}apos;tResearch Support, U.S. Gov{\&}apos;t, P.H.S.United statesThe American journal of physiologyAm J Physiol. 1997 Dec;273(6 Pt 1):G1333-40.}
}

@book{Lucado:2012wl,
author = {Lucado, Jennifer and Gould, Carolyn and Elixhauser, Anne},
title = {{\textit{Clostridium difficile} Infections (CDI) in Hospital Stays, 2009: Statistical Brief {\#}124}},
publisher = {Agency for Health Care Policy and Research (US)},
year = {2012},
series = {Healthcare Cost and Utilization Project (HCUP) Statistical Briefs},
address = {Rockville (MD)},
month = feb
}

@article{Lyerly:1985dx,
author = {Lyerly, D M and Saum, K E and MacDonald, D K and Wilkins, T D},
title = {{Effects of \textit{Clostridium difficile} toxins given intragastrically to animals.}},
journal = {Infection and Immunity},
year = {1985},
volume = {47},
number = {2},
pages = {349--352},
month = feb,
annote = {Lyerly, D MSaum, K EMacDonald, D KWilkins, T DAI 15749/AI/NIAID NIH HHS/United StatesResearch Support, Non-U.S. Gov{\&}apos;tResearch Support, U.S. Gov{\&}apos;t, P.H.S.United statesInfection and immunityInfect Immun. 1985 Feb;47(2):349-52.}
}

@article{Lyras:2009jx,
author = {Lyras, Dena and Connor, Jennifer R O rsquo and Howarth, Pauline M and Sambol, Susan P and Carter, Glen P and Phumoonna, Tongted and Poon, Rachael and Adams, Vicki and Vedantam, Gayatri and Johnson, Stuart and Gerding, Dale N and Rood, Julian I},
title = {{Toxin B is essential for virulence of \textit{Clostridium difficile}}},
journal = {Nature},
year = {2009},
volume = {458},
number = {7242},
pages = {1176--1179},
month = mar
}

@article{MeloFilho:1997ws,
author = {Melo-Filho, A A and Souza, M H and Lyerly, D M and Cunha, F Q and Lima, A A and Ribeiro, R A},
title = {{Role of tumor necrosis factor and nitric oxide in the cytotoxic effects of \textit{Clostridium difficile} toxin A and toxin B on macrophages.}},
journal = {Toxicon : official journal of the International Society on Toxinology},
year = {1997},
volume = {35},
number = {5},
pages = {743--752},
month = jun,
annote = {Melo Filho, A ASouza, M HLyerly, D MCunha, F QLima, A ARibeiro, R AResearch Support, Non-U.S. Gov{\&}apos;tEnglandToxicon : official journal of the International Society on ToxinologyToxicon. 1997 May;35(5):743-52.}
}

@article{Meyer:2007kj,
author = {Meyer, Gesa K A and Neetz, Anne and Brandes, Gudrun and Tsikas, Dimitrios and Butterfield, Joseph H and Just, Ingo and Gerhard, Ralf},
title = {{\textit{Clostridium difficile} toxins A and B directly stimulate human mast cells.}},
journal = {Infection and Immunity},
year = {2007},
volume = {75},
number = {8},
pages = {3868--3876},
month = aug,
annote = {Meyer, Gesa K ANeetz, AnneBrandes, GudrunTsikas, DimitriosButterfield, Joseph HJust, IngoGerhard, RalfResearch Support, Non-U.S. Gov{\&}apos;tUnited StatesInfection and immunityInfect Immun. 2007 Aug;75(8):3868-76. Epub 2007 May 21.}
}

@article{Neunlist:2003ba,
author = {Neunlist, M and Barouk, J and Michel, K and Just, I and Oreshkova, T and Schemann, M and Galmiche, J P},
title = {{Toxin B of \textit{Clostridium difficile} activates human VIP submucosal neurons, in part via an IL-1beta-dependent pathway.}},
journal = {American journal of physiology. Gastrointestinal and liver physiology},
year = {2003},
volume = {285},
number = {5},
pages = {G1049--55},
month = nov,
annote = {Neunlist, MBarouk, JMichel, KJust, IOreshkova, TSchemann, MGalmiche, J PIn VitroResearch Support, Non-U.S. Gov{\&}apos;tUnited StatesAmerican journal of physiology. Gastrointestinal and liver physiologyAm J Physiol Gastrointest Liver Physiol. 2003 Nov;285(5):G1049-55. Epub 2003 Jun 11.}
}

@article{Olling:2011es,
author = {Olling, Alexandra and Goy, Sebastian and Hoffmann, Florian and Tatge, Helma and Just, Ingo and Gerhard, Ralf},
title = {{The repetitive oligopeptide sequences modulate cytopathic potency but are not crucial for cellular uptake of \textit{Clostridium difficile} toxin A.}},
journal = {PLoS ONE},
year = {2011},
volume = {6},
number = {3},
pages = {e17623}
}

@article{Planche:2011fm,
author = {Planche, Timothy and Wilcox, Mark},
title = {{Reference assays for \textit{Clostridium difficile} infection: one or two gold standards?}},
journal = {Journal of clinical pathology},
year = {2011},
volume = {64},
pages = {5},
month = feb
}

@article{Pothoulakis:2000via,
author = {Pothoulakis, C},
title = {{Effects of \textit{Clostridium difficile} toxins on epithelial cell barrier.}},
journal = {Annals of the New York Academy of Sciences},
year = {2000},
volume = {915},
pages = {347--356}
}

@article{Pothoulakis:1988dk,
author = {Pothoulakis, C and Sullivan, R and Melnick, D A and Triadafilopoulos, G and Gadenne, A S and Meshulam, T and LaMont, J T},
title = {{\textit{Clostridium difficile} toxin A stimulates intracellular calcium release and chemotactic response in human granulocytes.}},
journal = {Journal of Clinical Investigation},
year = {1988},
volume = {81},
number = {6},
pages = {1745},
month = jul,
annote = {Pothoulakis, CSullivan, RMelnick, D ATriadafilopoulos, GGadenne, A SMeshulam, TLaMont, J TAI-21972/AI/NIAID NIH HHS/United StatesAM-27455/AM/NIADDK NIH HHS/United StatesAM-34583/AM/NIADDK NIH HHS/United StatesResearch Support, Non-U.S. Gov{\&}apos;tResearch Support, U.S. Gov{\&}apos;t, P.H.S.United statesThe Journal of clinical investigationJ Clin Invest. 1988 Jun;81(6):1741-5.}
}

@article{Pothoulakis:1998vca,
author = {Pothoulakis, Charalabos and Castagliuolo, Ignazio and LaMont, J Thomas},
title = {{Nerves and Intestinal Mast Cells Modulate Responses to Enterotoxins.}},
journal = {News in physiological sciences : an international journal of physiology produced jointly by the International Union of Physiological Sciences and the American Physiological Society},
year = {1998},
volume = {13},
pages = {58--63},
month = apr
}

@article{Rocha:1998ua,
author = {Rocha, M F and Soares, A M and Flores, C A and Steiner, T S and Lyerly, D M and Guerrant, R L and Ribeiro, R A and Lima, A A},
title = {{Intestinal secretory factor released by macrophages stimulated with \textit{Clostridium difficile} toxin A: role of interleukin 1beta.}},
journal = {Infection and Immunity},
year = {1998},
volume = {66},
number = {10},
pages = {4910--4916},
month = oct,
annote = {Rocha, M FSoares, A MFlores, C ASteiner, T SLyerly, D MGuerrant, R LRibeiro, R ALima, A AP01-AI-26512/AI/NIAID NIH HHS/United StatesResearch Support, Non-U.S. Gov{\&}apos;tResearch Support, U.S. Gov{\&}apos;t, P.H.S.United statesInfection and immunityInfect Immun. 1998 Oct;66(10):4910-6.}
}

@article{Rolfe:1991vx,
author = {Rolfe, R D},
title = {{Binding kinetics of \textit{Clostridium difficile} toxins A and B to intestinal brush border membranes from infant and adult hamsters.}},
journal = {Infection and Immunity},
year = {1991},
volume = {59},
number = {4},
pages = {1223--1230},
month = apr
}

@article{Rupnik:2005dq,
author = {Rupnik, Maja and Pabst, Stefan and Rupnik, Marjan and von Eichel-Streiber, Christoph and Urlaub, Henning and Soling, Hans-Dieter},
title = {{Characterization of the cleavage site and function of resulting cleavage fragments after limited proteolysis of \textit{Clostridium difficile} toxin B (TcdB) by host cells.}},
journal = {Microbiology (Reading, England)},
year = {2005},
volume = {151},
number = {Pt 1},
pages = {199--208},
month = jan
}

@article{Ryder:2010jo,
author = {Ryder, Alex B and Huang, Ying and Li, Haijing and Zheng, Min and Wang, Xiaobo and Stratton, Charles W and Xu, Xiao and Tang, Yi-Wei},
title = {{Assessment of \textit{Clostridium difficile} infections by quantitative detection of tcdB toxin by use of a real-time cell analysis system.}},
journal = {Journal of clinical microbiology},
year = {2010},
volume = {48},
number = {11},
pages = {4129--4134},
month = nov
}

@article{Shah:1991ww,
author = {Shah, M H and Pothoulakis, C},
title = {{The chemotactic response of human granulocytes to \textit{Clostridium difficile} toxin A is age dependent.}},
journal = {American Journal of {\ldots}},
year = {1991}
}

@article{Shen:2012cm,
author = {Shen, Aimee},
title = {{\emph{Clostridium difficile} Toxins: Mediators of Inflammation}},
journal = {Journal of Innate Immunity},
year = {2012},
volume = {4},
number = {2},
pages = {149--158}
}

@article{Siffert:1993ue,
author = {Siffert, J C and Baldacini, O and Kuhry, J G and Wachsmann, D and Benabdelmoumene, S and Faradji, A and Monteil, H and Poindron, P},
title = {{Effects of \textit{Clostridium difficile} toxin B on human monocytes and macrophages: possible relationship with cytoskeletal rearrangement.}},
journal = {Infection and Immunity},
year = {1993},
volume = {61},
number = {3},
pages = {1082--1090},
month = mar
}

@article{Solomon:2005dv,
author = {Solomon, K and Webb, J and Ali, N and Robins, R A and Mahida, Y R},
title = {{Monocytes are highly sensitive to \textit{Clostridium difficile} toxin A-induced apoptotic and nonapoptotic cell death.}},
journal = {Infection and Immunity},
year = {2005},
volume = {73},
number = {3},
pages = {1625--1634},
month = apr,
annote = {Solomon, KWebb, JAli, NRobins, R AMahida, Y RResearch Support, Non-U.S. Gov{\&}apos;tUnited StatesInfection and immunityInfect Immun. 2005 Mar;73(3):1625-34.}
}

@article{Sorensson:2001da,
author = {Sorensson, J and Jodal, M and Lundgren, O},
title = {{Involvement of nerves and calcium channels in the intestinal response to \textit{Clostridium difficile} toxin A: an experimental study in rats in vivo}},
journal = {Gut},
year = {2001},
annote = {Sorensson, JJodal, MLundgren, OResearch Support, Non-U.S. Gov{\&}apos;tEnglandGutGut. 2001 Jul;49(1):56-65.}
}

@article{Sun:2010kt,
author = {Sun, Xingmin and Savidge, Tor and Feng, Hanping},
title = {{The Enterotoxicity of \textit{Clostridium difficile} Toxins}},
journal = {Toxins},
year = {2010},
volume = {2},
number = {7},
pages = {1848--1880},
month = jul,
annote = {Sun, XingminSavidge, TorFeng, HanpingSwitzerlandToxinsToxins (Basel). 2010 Jul;2(7):1848-80. doi: 10.3390/toxins2071848. Epub 2010 Jul 14.}
}

@article{Teichert:2006jo,
author = {Teichert, Matthias and Tatge, Helma and Schoentaube, Janett and Just, Ingo and Gerhard, Ralf},
title = {{Application of mutated \textit{Clostridium difficile} toxin A for determination of glucosyltransferase-dependent effects.}},
journal = {Infection and Immunity},
year = {2006},
volume = {74},
number = {10},
pages = {6006--6010},
month = oct
}

@article{Voth:2005di,
author = {Voth, Daniel E and Ballard, Jimmy D},
title = {{\textit{Clostridium difficile} toxins: mechanism of action and role in disease.}},
journal = {Clinical Microbiology Reviews},
year = {2005},
volume = {18},
number = {2},
pages = {247--263},
month = apr
}

@article{Wedel:1983vd,
author = {Wedel, N and Toselli, P and Pothoulakis, C and Faris, B and Oliver, P and Franzblau, C and LaMont, T},
title = {{Ultrastructural effects of \textit{Clostridium difficile} toxin B on smooth muscle cells and fibroblasts.}},
journal = {Experimental Cell Research},
year = {1983},
volume = {148},
number = {2},
pages = {413--422},
month = oct
}

@article{Xia:2000gg,
author = {Xia, Y and Hu, H Z and Liu, S and Pothoulakis, C and Wood, J D},
title = {{\textit{Clostridium difficile} toxin A excites enteric neurones and suppresses sympathetic neurotransmission in the guinea pig}},
journal = {Gut},
year = {2000},
annote = {Xia, YHu, H ZLiu, SPothoulakis, CWood, J DR01 DK-37238/DK/NIDDK NIH HHS/United StatesR01 DK-46941/DK/NIDDK NIH HHS/United StatesResearch Support, U.S. Gov{\&}apos;t, P.H.S.EnglandGutGut. 2000 Apr;46(4):481-6.}
}

@incollection{Xu:2012db,
author = {Xu, Xiao and Zheng, Min},
title = {{Functional Assessment of Microbial and Viral Infections by Real-Time Cellular Analysis System}},
year = {2012},
pages = {151--175},
publisher = {Springer US},
address = {Boston, MA},
month = aug
}

