%% Created using Papers on Fri, 21 Mar 2014.
%% http://papersapp.com/papers/

@article{Szappanos:2011gu,
author = {Szappanos, Balazs and Kovacs, Karoly and Szamecz, Bela and Honti, Frantisek and Costanzo, Michael and Baryshnikova, Anastasia and Gelius-Dietrich, Gabriel and Lercher, Martin J and Jelasity, Mark and Myers, Chad L and Andrews, Brenda J and Boone, Charles and Oliver, Stephen G and Pal, Csaba and Papp, Balazs},
title = {{An integrated approach to characterize genetic interaction networks in yeast metabolism.}},
journal = {Nature genetics},
year = {2011},
volume = {43},
number = {7},
pages = {656--662},
month = jul
}

@article{Liao:2011fp,
author = {Liao, Yu-Chieh and Huang, Tzu-Wen and Chen, Feng-Chi and Charusanti, Pep and Hong, Jay S J and Chang, Hwan-You and Tsai, Shih-Feng and Palsson, Bernhard O and Hsiung, Chao A},
title = {{An experimentally validated genome-scale metabolic reconstruction of Klebsiella pneumoniae MGH 78578, iYL1228.}},
journal = {Journal of Bacteriology},
year = {2011},
volume = {193},
number = {7},
pages = {1710--1717},
month = may
}

@article{Jensen:2011ie,
author = {Jensen, Paul A and Papin, Jason A},
title = {{Functional integration of a metabolic network model and expression data without arbitrary thresholding.}},
journal = {Bioinformatics},
year = {2011},
volume = {27},
number = {4},
pages = {541--547},
month = mar
}

@article{Xi:2011gc,
author = {Xi, Y and Xi, Yanping and Chen, Yi-Ping Phoebe and Chen, YPP and Qian, C and Qian, Chen and Wang, Fei and Wang, F},
title = {{Comparative study of computational methods to detect the correlated reaction sets in biochemical networks}},
journal = {Briefings in bioinformatics},
year = {2011},
volume = {12},
number = {2},
pages = {132--150},
month = mar
}

@article{Oberhardt:2011jq,
author = {Oberhardt, Matthew A and Puchalka, Jacek and Martins dos Santos, V{\'\i}tor A P and Papin, Jason A},
title = {{Reconciliation of genome-scale metabolic reconstructions for comparative systems analysis.}},
journal = {PLoS Computational Biology},
year = {2011},
volume = {7},
number = {3},
pages = {e1001116},
month = mar
}

@article{Kim:2011jm,
author = {Kim, Hyun Uk and Kim, Soo Young and Jeong, Haeyoung and Kim, Tae Yong and Kim, Jae Jong and Choy, Hyon E and Yi, Kyu Yang and Rhee, Joon Haeng and Lee, Sang Yup},
title = {{Integrative genome-scale metabolic analysis of Vibrio vulnificus for drug targeting and discovery.}},
journal = {Molecular Systems Biology},
year = {2011},
volume = {7},
pages = {460},
month = feb
}

@article{Chen:2011dj,
author = {Chen, Xuewen and Alonso, Ana P and Allen, Doug K and Reed, Jennifer L and Shachar-Hill, Yair},
title = {{Synergy between (13)C-metabolic flux analysis and flux balance analysis for understanding metabolic adaptation to anaerobiosis in E. coli.}},
journal = {Metabolic Engineering},
year = {2011},
volume = {13},
number = {1},
pages = {38--48},
month = feb
}

@article{Fang:2011io,
author = {Fang, Kechi and Zhao, Hansheng and Sun, Changyue and Lam, Carolyn M C and Chang, Suhua and Zhang, Kunlin and Panda, Gurudutta and Godinho, Miguel and Martins dos Santos, V{\'\i}tor A P and Wang, Jing},
title = {{Exploring the metabolic network of the epidemic pathogen Burkholderia cenocepacia J2315 via genome-scale reconstruction.}},
journal = {BMC Systems Biology},
year = {2011},
volume = {5},
number = {1},
pages = {83}
}

@article{Thiele:2011fy,
author = {Thiele, Ines and Hyduke, Daniel R and Steeb, Benjamin and Fankam, Guy and Allen, Douglas K and Bazzani, Susanna and Charusanti, Pep and Chen, Feng-Chi and Fleming, Ronan M T and Hsiung, Chao A and De Keersmaecker, Sigrid C J and Liao, Yu-Chieh and Marchal, Kathleen and Mo, Monica L and Ozdemir, Emre and Raghunathan, Anu and Reed, Jennifer L and Shin, Sook-Il and Sigurbjornsdottir, Sara and Steinmann, Jonas and Sudarsan, Suresh and Swainston, Neil and Thijs, Inge M and Zengler, Karsten and Palsson, Bernhard O and Adkins, Joshua N and Bumann, Dirk},
title = {{A community effort towards a knowledge-base and mathematical model of the human pathogen Salmonella Typhimurium LT2.}},
journal = {BMC Systems Biology},
year = {2011},
volume = {5},
number = {1},
pages = {8}
}

@article{Oberhardt:2010bp,
author = {Oberhardt, Matthew A and Goldberg, Joanna B and Hogardt, Michael and Papin, Jason A},
title = {{Metabolic network analysis of Pseudomonas aeruginosa during chronic cystic fibrosis lung infection.}},
journal = {Journal of Bacteriology},
year = {2010},
volume = {192},
number = {20},
pages = {5534--5548},
month = oct
}

@article{Henry:2010dg,
author = {Henry, Christopher S and DeJongh, Matthew and Best, Aaron A and Frybarger, Paul M and Linsay, Ben and Stevens, Rick L},
title = {{High-throughput generation, optimization and analysis of genome-scale metabolic models.}},
journal = {Nature Biotechnology},
year = {2010},
volume = {28},
number = {9},
pages = {977--982},
month = sep
}

@article{Feist:2010hq,
author = {Feist, Adam M and Palsson, Bernhard O},
title = {{The biomass objective function.}},
journal = {Current opinion in microbiology},
year = {2010},
volume = {13},
number = {3},
pages = {344--349},
month = jul
}

@article{Gianchandani:2010gs,
author = {Gianchandani, Erwin P and Chavali, Arvind K and Papin, Jason A},
title = {{The application of flux balance analysis in systems biology.}},
journal = {Wiley interdisciplinary reviews. Systems biology and medicine},
year = {2010},
volume = {2},
number = {3},
pages = {372--382},
month = jun
}

@article{Vanee:2010du,
author = {Vanee, Niti and Roberts, Seth B and Fong, Stephen S and Manque, Patricio and Buck, Gregory A},
title = {{A genome-scale metabolic model of Cryptosporidium hominis.}},
journal = {Chemistry {\&} biodiversity},
year = {2010},
volume = {7},
number = {5},
pages = {1026--1039},
month = jun,
annote = {3rd Summit on System Biology 2009 - The Microbial World and Beyond, Richmond, VA, JUN 16-19, 2009}
}

@article{Kim:2010cu,
author = {Kim, Hyun Uk and Kim, Tae Yong and Lee, Sang Yup},
title = {{Genome-scale metabolic network analysis and drug targeting of multi-drug resistant pathogen Acinetobacter baumannii AYE.}},
journal = {Molecular BioSystems},
year = {2010},
volume = {6},
number = {2},
pages = {339--348},
month = mar
}

@article{Shen:2010cy,
author = {Shen, Y and Liu, J and Estiu, G and Isin, B and Ahn, Y-Y and Lee, D-S and Barabasi, A-L and Kapatral, V and Wiest, O and Oltvai, Z N},
title = {{Blueprint for antimicrobial hit discovery targeting metabolic networks.}},
journal = {Proceedings of the National Academy of Sciences},
year = {2010},
volume = {107},
number = {3},
pages = {1082--1087},
month = feb
}

@article{Diamond:2010it,
author = {Diamond, Deborah L and Syder, Andrew J and Jacobs, Jon M and Sorensen, Christina M and Walters, Kathie-Anne and Proll, Sean C and McDermott, Jason E and Gritsenko, Marina A and Zhang, Qibin and Zhao, Rui and Metz, Thomas O and Camp, David G and Waters, Katrina M and Smith, Richard D and Rice, Charles M and Katze, Michael G},
title = {{Temporal proteome and lipidome profiles reveal hepatitis C virus-associated reprogramming of hepatocellular metabolism and bioenergetics.}},
journal = {PLoS pathogens},
year = {2010},
volume = {6},
number = {1},
pages = {e1000719},
month = feb
}

@article{Hsiao:2010bu,
author = {Hsiao, Tzu-Lin and Revelles, Olga and Chen, Lifeng and Sauer, Uwe and Vitkup, Dennis},
title = {{Automatic policing of biochemical annotations using genomic correlations.}},
journal = {Nature Chemical Biology},
year = {2010},
volume = {6},
number = {1},
pages = {34--40},
month = feb
}

@article{Thiele:2010fr,
author = {Thiele, Ines and Palsson, Bernhard O},
title = {{A protocol for generating a high-quality genome-scale metabolic reconstruction.}},
journal = {Nature Protocols},
year = {2010},
volume = {5},
number = {1},
pages = {93--121},
month = feb
}

@article{Fang:2010gc,
author = {Fang, Xin and Wallqvist, Anders and Reifman, Jaques},
title = {{Development and analysis of an in vivo-compatible metabolic network of Mycobacterium tuberculosis.}},
journal = {BMC Systems Biology},
year = {2010},
volume = {4},
pages = {160}
}

@article{Huthmacher:2010hi,
author = {Huthmacher, Carola and Hoppe, Andreas and Bulik, Sascha and Holzhutter, Hermann-Georg},
title = {{Antimalarial drug targets in Plasmodium falciparum predicted by stage-specific metabolic network analysis.}},
journal = {BMC Systems Biology},
year = {2010},
volume = {4},
pages = {120}
}

@article{Plata:2010dw,
author = {Plata, G and Hsiao, T L and Olszewski, K L},
title = {{Reconstruction and flux-balance analysis of the Plasmodium falciparum metabolic network}},
journal = {Molecular systems {\ldots}},
year = {2010}
}

@article{Raghunathan:2010gl,
author = {Raghunathan, Anu and Shin, Sookil and Daefler, Simon},
title = {{Systems approach to investigating host-pathogen interactions in infections with the biothreat agent Francisella. Constraints-based model of Francisella tularensis.}},
journal = {BMC Systems Biology},
year = {2010},
volume = {4},
number = {1},
pages = {118}
}

@article{Langridge:2009ip,
author = {Langridge, Gemma C and Phan, Minh-Duy and Turner, Daniel J and Perkins, Timothy T and Parts, Leopold and Haase, Jana and Charles, Ian and Maskell, Duncan J and Peters, Sarah E and Dougan, Gordon and Wain, John and Parkhill, Julian and Turner, A Keith},
title = {{Simultaneous assay of every Salmonella Typhi gene using one million transposon mutants.}},
journal = {Genome Research},
year = {2009},
volume = {19},
number = {12},
pages = {2308--2316},
month = dec
}

@article{Carette:2009ba,
author = {Carette, Jan E and Guimaraes, Carla P and Varadarajan, Malini and Park, Annie S and Wuethrich, Irene and Godarova, Alzbeta and Kotecki, Maciej and Cochran, Brent H and Spooner, Eric and Ploegh, Hidde L and Brummelkamp, Thijn R},
title = {{Haploid genetic screens in human cells identify host factors used by pathogens.}},
journal = {Science},
year = {2009},
volume = {326},
number = {5957},
pages = {1231--1235},
month = nov
}

@article{AbuOun:2009co,
author = {AbuOun, Manal and Suthers, Patrick F and Jones, Gareth I and Carter, Ben R and Saunders, Mark P and Maranas, Costas D and Woodward, Martin J and Anjum, Muna F},
title = {{Genome scale reconstruction of a Salmonella metabolic model: comparison of similarity and differences with a commensal Escherichia coli strain.}},
journal = {The Journal of Biological Chemistry},
year = {2009},
volume = {284},
number = {43},
pages = {29480--29488},
month = oct
}

@article{Lee:2009fc,
author = {Lee, Deok-Sun and Burd, Henry and Liu, Jiangxia and Almaas, Eivind and Wiest, Olaf and Barabasi, Albert-Laszlo and Oltvai, Zoltan N and Kapatral, Vinayak},
title = {{Comparative genome-scale metabolic reconstruction and flux balance analysis of multiple Staphylococcus aureus genomes identify novel antimicrobial drug targets.}},
journal = {Journal of Bacteriology},
year = {2009},
volume = {191},
number = {12},
pages = {4015--4024},
month = jul
}

@article{Navid:2009en,
author = {Navid, Ali and Almaas, Eivind},
title = {{Genome-scale reconstruction of the metabolic network in Yersinia pestis, strain 91001.}},
journal = {Molecular BioSystems},
year = {2009},
volume = {5},
number = {4},
pages = {368--375},
month = may
}

@article{Dobson:2009kg,
author = {Dobson, Paul D and Patel, Yogendra and Kell, Douglas B},
title = {{Metabolite-likeness as a criterion in the design and selection of pharmaceutical drug libraries.}},
journal = {Drug discovery today},
year = {2009},
volume = {14},
number = {1-2},
pages = {31--40},
month = feb
}

@article{Durot:2009kb,
author = {Durot, Maxime and Bourguignon, Pierre-Yves and Schachter, Vincent},
title = {{Genome-scale models of bacterial metabolism: reconstruction and applications.}},
journal = {FEMS microbiology reviews},
year = {2009},
volume = {33},
number = {1},
pages = {164--190},
month = feb
}

@article{Mazumdar:2009gj,
author = {Mazumdar, Varun and Snitkin, Evan S and Amar, Salomon and Segre, Daniel},
title = {{Metabolic network model of a human oral pathogen.}},
journal = {Journal of Bacteriology},
year = {2009},
volume = {191},
number = {1},
pages = {74--90},
month = feb
}

@article{Boyle:2009jr,
author = {Boyle, Nanette R and Morgan, John A},
title = {{Flux balance analysis of primary metabolism in Chlamydomonas reinhardtii.}},
journal = {BMC Systems Biology},
year = {2009},
volume = {3},
pages = {4}
}

@article{Oberhardt:2009jw,
author = {Oberhardt, Matthew A and Palsson, Bernhard O and Papin, Jason A},
title = {{Applications of genome-scale metabolic reconstructions.}},
journal = {Molecular Systems Biology},
year = {2009},
volume = {5},
pages = {320}
}

@article{Raghunathan:2009kf,
author = {Raghunathan, Anu and Reed, Jennifer and Shin, Sookil and Palsson, Bernhard and Daefler, Simon},
title = {{Constraint-based analysis of metabolic capacity of Salmonella typhimurium during host-pathogen interaction.}},
journal = {BMC Systems Biology},
year = {2009},
volume = {3},
pages = {38}
}

@article{Roberts:2009dl,
author = {Roberts, Seth B and Robichaux, Jennifer L and Chavali, Arvind K and Manque, Patricio A and Lee, Vladimir and Lara, Ana M and Papin, Jason A and Buck, Gregory A},
title = {{Proteomic and network analysis characterize stage-specific metabolism in Trypanosoma cruzi.}},
journal = {BMC Systems Biology},
year = {2009},
volume = {3},
number = {1},
pages = {52}
}

@article{Hopkins:2008bb,
author = {Hopkins, Andrew L},
title = {{Network pharmacology: the next paradigm in drug discovery.}},
journal = {Nature Chemical Biology},
year = {2008},
volume = {4},
number = {11},
pages = {682--690},
month = nov
}

@article{Puchalka:2008ct,
author = {Puchalka, Jacek and Oberhardt, Matthew A and Godinho, Miguel and Bielecka, Agata and Regenhardt, Daniela and Timmis, Kenneth N and Papin, Jason A and Martins dos Santos, V{\'\i}tor A P},
title = {{Genome-scale reconstruction and analysis of the Pseudomonas putida KT2440 metabolic network facilitates applications in biotechnology.}},
journal = {PLoS Computational Biology},
year = {2008},
volume = {4},
number = {10},
pages = {e1000210},
month = oct
}

@article{Brown:2008gm,
author = {Brown, Stacie A and Palmer, Kelli L and Whiteley, Marvin},
title = {{Revisiting the host as a growth medium.}},
journal = {Nature Reviews Microbiology},
year = {2008},
volume = {6},
number = {9},
pages = {657--666},
month = sep
}

@article{Shlomi:2008ik,
author = {Shlomi, Tomer and Cabili, Moran N and Herrgard, Markus J and Palsson, Bernhard O and Ruppin, Eytan},
title = {{Network-based prediction of human tissue-specific metabolism.}},
journal = {Nature Biotechnology},
year = {2008},
volume = {26},
number = {9},
pages = {1003--1010},
month = sep
}

@article{Schwegmann:2008iq,
author = {Schwegmann, Anita and Brombacher, Frank},
title = {{Host-Directed Drug Targeting of Factors Hijacked by Pathogens}},
journal = {Science signaling},
year = {2008},
volume = {1},
number = {29},
pages = {re8--re8},
month = jul
}

@article{Becker:2008iq,
author = {Becker, Scott A and Palsson, Bernhard O},
title = {{Context-specific metabolic networks are consistent with experiments.}},
journal = {PLoS Computational Biology},
year = {2008},
volume = {4},
number = {5},
pages = {e1000082},
month = jun
}

@article{Oberhardt:2008fr,
author = {Oberhardt, Matthew A and Puchalka, Jacek and Fryer, Kimberly E and Martins dos Santos, V{\'\i}tor A P and Papin, Jason A},
title = {{Genome-scale metabolic network analysis of the opportunistic pathogen Pseudomonas aeruginosa PAO1.}},
journal = {Journal of Bacteriology},
year = {2008},
volume = {190},
number = {8},
pages = {2790--2803},
month = may
}

@article{Aziz:2008ku,
author = {Aziz, Ramy K and Bartels, Daniela and Best, Aaron A and DeJongh, Matthew and Disz, Terrence and Edwards, Robert A and Formsma, Kevin and Gerdes, Svetlana and Glass, Elizabeth M and Kubal, Michael and Meyer, Folker and Olsen, Gary J and Olson, Robert and Osterman, Andrei L and Overbeek, Ross A and McNeil, Leslie K and Paarmann, Daniel and Paczian, Tobias and Parrello, Bruce and Pusch, Gordon D and Reich, Claudia and Stevens, Rick and Vassieva, Olga and Vonstein, Veronika and Wilke, Andreas and Zagnitko, Olga},
title = {{The RAST Server: rapid annotations using subsystems technology.}},
journal = {BMC genomics},
year = {2008},
volume = {9},
pages = {75}
}

@article{Chavali:2008gh,
author = {Chavali, Arvind K and Whittemore, Jeffrey D and Eddy, James A and Williams, Kyle T and Papin, Jason A},
title = {{Systems analysis of metabolism in the pathogenic trypanosomatid Leishmania major.}},
journal = {Molecular Systems Biology},
year = {2008},
volume = {4},
pages = {177}
}

@article{Raman:2008km,
author = {Raman, Karthik and Yeturu, Kalidas and Chandra, Nagasuma},
title = {{targetTB: a target identification pipeline for Mycobacterium tuberculosis through an interactome, reactome and genome-scale structural analysis.}},
journal = {BMC Systems Biology},
year = {2008},
volume = {2},
number = {1},
pages = {109}
}

@article{Yildirim:2007hc,
author = {Yildirim, Muhammed A and Goh, Kwang-Il and Cusick, Michael E and Barabasi, Albert-Laszlo and Vidal, Marc},
title = {{Drug-target network.}},
journal = {Nature Biotechnology},
year = {2007},
volume = {25},
number = {10},
pages = {1119--1126},
month = oct
}

@article{Chong:2007dl,
author = {Chong, Curtis R and Sullivan, David J},
title = {{New uses for old drugs.}},
journal = {Nature},
year = {2007},
volume = {448},
number = {7154},
pages = {645--646},
month = aug
}

@article{McConville:2007df,
author = {McConville, Malcolm J and de Souza, David and Saunders, Eleanor and Likic, Vladimir A and Naderer, Thomas},
title = {{Living in a phagolysosome; metabolism of Leishmania amastigotes.}},
journal = {Trends in parasitology},
year = {2007},
volume = {23},
number = {8},
pages = {368--375},
month = aug
}

@article{Duarte:2007iu,
author = {Duarte, Natalie C and Becker, Scott A and Jamshidi, Neema and Thiele, Ines and Mo, Monica L and Vo, Thuy D and Srivas, Rohith and Palsson, Bernhard O},
title = {{Global reconstruction of the human metabolic network based on genomic and bibliomic data.}},
journal = {Proceedings of the National Academy of Sciences of the United States of America},
year = {2007},
volume = {104},
number = {6},
pages = {1777--1782},
month = mar
}

@article{Baart:2007cz,
author = {Baart, Gino J E and Zomer, Bert and de Haan, Alex and van der Pol, Leo A and Beuvery, E Coen and Tramper, Johannes and Martens, Dirk E},
title = {{Modeling Neisseria meningitidis metabolism: from genome to metabolic fluxes.}},
journal = {Genome Biology},
year = {2007},
volume = {8},
number = {7},
pages = {R136}
}

@article{Becker:2007cu,
author = {Becker, Scott A and Feist, Adam M and Mo, Monica L and Hannum, Gregory and Palsson, Bernhard O and Herrgard, Markus J},
title = {{Quantitative prediction of cellular metabolism with constraint-based models: the COBRA Toolbox.}},
journal = {Nature Protocols},
year = {2007},
volume = {2},
number = {3},
pages = {727--738}
}

@article{Beste:2007bi,
author = {Beste, Dany J V and Hooper, Tracy and Stewart, Graham and Bonde, Bhushan and Avignone-Rossa, Claudio and Bushell, Michael E and Wheeler, Paul and Klamt, Steffen and Kierzek, Andrzej M and McFadden, Johnjoe},
title = {{GSMN-TB: a web-based genome-scale network model of Mycobacterium tuberculosis metabolism.}},
journal = {Genome Biology},
year = {2007},
volume = {8},
number = {5},
pages = {R89}
}

@article{Feist:2007dq,
author = {Feist, Adam M and Henry, Christopher S and Reed, Jennifer L and Krummenacker, Markus and Joyce, Andrew R and Karp, Peter D and Broadbelt, Linda J and Hatzimanikatis, Vassily and Palsson, Bernhard O},
title = {{A genome-scale metabolic reconstruction for Escherichia coli K-12 MG1655 that accounts for 1260 ORFs and thermodynamic information}},
journal = {Molecular Systems Biology},
year = {2007},
volume = {3},
number = {1}
}

@article{Jamshidi:2007ei,
author = {Jamshidi, Neema and Palsson, Bernhard O},
title = {{Investigating the metabolic capabilities of Mycobacterium tuberculosis H37Rv using the in silico strain iNJ661 and proposing alternative drug targets.}},
journal = {BMC Systems Biology},
year = {2007},
volume = {1},
number = {1},
pages = {26}
}

@article{Stolyar:2007jh,
author = {Stolyar, Sergey and Van Dien, Steve and Hillesland, Kristina Linnea and Pinel, Nicolas and Lie, Thomas J and Leigh, John A and Stahl, David A},
title = {{Metabolic modeling of a mutualistic microbial community.}},
journal = {Molecular Systems Biology},
year = {2007},
volume = {3},
pages = {92}
}

@article{Hossain:2006gl,
author = {Hossain, Hamid and Tchatalbachev, Svetlin and Chakraborty, Trinad},
title = {{Host gene expression profiling in pathogen-host interactions.}},
journal = {Current opinion in immunology},
year = {2006},
volume = {18},
number = {4},
pages = {422--429},
month = aug
}

@article{Handley:2006fc,
author = {Handley, Scott A and Dube, Peter H and Miller, Virginia L},
title = {{Histamine signaling through the H(2) receptor in the Peyer{\&}apos;s patch is important for controlling Yersinia enterocolitica infection.}},
journal = {Proceedings of the National Academy of Sciences of the United States of America},
year = {2006},
volume = {103},
number = {24},
pages = {9268--9273},
month = jul
}

@article{Lee:2006je,
author = {Lee, Jong Min and Gianchandani, Erwin P and Papin, Jason A},
title = {{Flux balance analysis in the era of metabolomics.}},
journal = {Briefings in bioinformatics},
year = {2006},
volume = {7},
number = {2},
pages = {140--150},
month = jul
}

@article{Heinemann:2005fc,
author = {Heinemann, Matthias and Kummel, Anne and Ruinatscha, Reto and Panke, Sven},
title = {{In silico genome-scale reconstruction and validation of the Staphylococcus aureus metabolic network.}},
journal = {Biotechnology and bioengineering},
year = {2005},
volume = {92},
number = {7},
pages = {850--864},
month = dec
}

@article{Sakamoto:2005bd,
author = {Sakamoto, Hiroshi and Okamoto, Koichi and Aoki, Masahiro and Kato, Hideyuki and Katsume, Asao and Ohta, Atsunori and Tsukuda, Takuo and Shimma, Nobuo and Aoki, Yuko and Arisawa, Mikio and Kohara, Michinori and Sudoh, Masayuki},
title = {{Host sphingolipid biosynthesis as a target for hepatitis C virus therapy.}},
journal = {Nature Chemical Biology},
year = {2005},
volume = {1},
number = {6},
pages = {333--337},
month = nov
}

@article{Thiele:2005el,
author = {Thiele, Ines and Vo, Thuy D and Price, Nathan D and Palsson, Bernhard O},
title = {{Expanded metabolic reconstruction of Helicobacter pylori (iIT341 GSM/GPR): an in silico genome-scale characterization of single- and double-deletion mutants.}},
journal = {Journal of Bacteriology},
year = {2005},
volume = {187},
number = {16},
pages = {5818--5830},
month = aug
}

@article{Sauer:2005kf,
author = {Sauer, John-Demian and Bachman, Michael A and Swanson, Michele S},
title = {{The phagosomal transporter A couples threonine acquisition to differentiation and replication of Legionella pneumophila in macrophages.}},
journal = {Proceedings of the National Academy of Sciences of the United States of America},
year = {2005},
volume = {102},
number = {28},
pages = {9924--9929},
month = jul
}

@article{Becker:2005hf,
author = {Becker, S A and Palsson, B O},
title = {{Genome-scale reconstruction of the metabolic network in Staphylococcus aureus N315: an initial draft to the two-dimensional annotation}},
journal = {BMC microbiology},
year = {2005}
}

@article{Blank:2005bt,
author = {Blank, Lars M and Kuepfer, Lars and Sauer, Uwe},
title = {{Large-scale 13C-flux analysis reveals mechanistic principles of metabolic network robustness to null mutations in yeast.}},
journal = {Genome Biology},
year = {2005},
volume = {6},
number = {6},
pages = {R49}
}

@article{Overbeek:2005dv,
author = {Overbeek, Ross and Begley, Tadhg and Butler, Ralph M and Choudhuri, Jomuna V and Chuang, Han-Yu and Cohoon, Matthew and de Crecy-Lagard, Valerie and Diaz, Naryttza and Disz, Terry and Edwards, Robert and Fonstein, Michael and Frank, Ed D and Gerdes, Svetlana and Glass, Elizabeth M and Goesmann, Alexander and Hanson, Andrew and Iwata-Reuyl, Dirk and Jensen, Roy and Jamshidi, Neema and Krause, Lutz and Kubal, Michael and Larsen, Niels and Linke, Burkhard and McHardy, Alice C and Meyer, Folker and Neuweger, Heiko and Olsen, Gary and Olson, Robert and Osterman, Andrei and Portnoy, Vasiliy and Pusch, Gordon D and Rodionov, Dmitry A and Ruckert, Christian and Steiner, Jason and Stevens, Rick and Thiele, Ines and Vassieva, Olga and Ye, Yuzhen and Zagnitko, Olga and Vonstein, Veronika},
title = {{The subsystems approach to genome annotation and its use in the project to annotate 1000 genomes.}},
journal = {Nucleic Acids Research},
year = {2005},
volume = {33},
number = {17},
pages = {5691--5702}
}

@article{SegoviaJuarez:2004bn,
author = {Segovia-Juarez, Jose L and Ganguli, Suman and Kirschner, Denise},
title = {{Identifying control mechanisms of granuloma formation during M. tuberculosis infection using an agent-based model.}},
journal = {Journal of Theoretical Biology},
year = {2004},
volume = {231},
number = {3},
pages = {357--376},
month = dec
}

@article{Papin:2004eh,
author = {Papin, Jason A and Reed, Jennifer L and Palsson, Bernhard O},
title = {{Hierarchical thinking in network biology: the unbiased modularization of biochemical networks.}},
journal = {Trends in biochemical sciences},
year = {2004},
volume = {29},
number = {12},
pages = {641--647},
month = dec
}

@article{Price:2004hx,
author = {Price, Nathan D and Reed, Jennifer L and Palsson, Bernhard O},
title = {{Genome-scale models of microbial cells: evaluating the consequences of constraints.}},
journal = {Nature Reviews Microbiology},
year = {2004},
volume = {2},
number = {11},
pages = {886--897},
month = nov
}

@article{Forster:2003jb,
author = {Forster, Jochen and Famili, Iman and Fu, Patrick and Palsson, Bernhard O and Nielsen, Jens},
title = {{Genome-scale reconstruction of the Saccharomyces cerevisiae metabolic network.}},
journal = {Genome Research},
year = {2003},
volume = {13},
number = {2},
pages = {244--253},
month = mar
}

@article{Mahadevan:2003di,
author = {Mahadevan, R and Schilling, C H},
title = {{The effects of alternate optimal solutions in constraint-based genome-scale metabolic models}},
journal = {Metabolic Engineering},
year = {2003}
}

@article{Reed:2003bj,
author = {Reed, Jennifer L and Vo, Thuy D and Schilling, Christophe H and Palsson, Bernhard O},
title = {{An expanded genome-scale model of Escherichia coli K-12 (iJR904 GSM/GPR).}},
journal = {Genome Biology},
year = {2003},
volume = {4},
number = {9},
pages = {R54}
}

@article{Segre:2002jp,
author = {Segre, Daniel and Vitkup, Dennis and Church, George M},
title = {{Analysis of optimality in natural and perturbed metabolic networks.}},
journal = {Proceedings of the National Academy of Sciences of the United States of America},
year = {2002},
volume = {99},
number = {23},
pages = {15112--15117},
month = nov
}

@article{Schilling:2002ck,
author = {Schilling, C H and Covert, M W and Famili, I},
title = {{Genome-scale metabolic model of Helicobacter pylori 26695}},
journal = {Journal of {\ldots}},
year = {2002},
annote = {9th International Conference on Microbial Genomes, LAKE ARROWHEAD, CALIFORNIA, 2000}
}

@article{Edwards:2000cz,
author = {Edwards, J S and Palsson, B O},
title = {{Robustness analysis of the Escherichia coli metabolic network.}},
journal = {Biotechnology progress},
year = {2000},
volume = {16},
number = {6},
pages = {927--939},
month = nov
}

@article{Schilling:2000ig,
author = {Schilling, C H and Palsson, B O},
title = {{Assessment of the metabolic capabilities of Haemophilus influenzae Rd through a genome-scale pathway analysis.}},
journal = {Journal of Theoretical Biology},
year = {2000},
volume = {203},
number = {3},
pages = {249--283},
month = may
}

@article{Edwards:2000cn,
author = {Edwards, J S and Palsson, B O},
title = {{The Escherichia coli MG1655 in silico metabolic genotype: its definition, characteristics, and capabilities}},
journal = {Proceedings of the National {\ldots}},
year = {2000}
}

@article{Edwards:1999ix,
author = {Edwards, J S and Palsson, B O},
title = {{Systems properties of the Haemophilus influenzaeRd metabolic genotype}},
journal = {Journal of Biological Chemistry},
year = {1999}
}

@article{Varma:1994tb,
author = {Varma, A and Palsson, B O},
title = {{Stoichiometric flux balance models quantitatively predict growth and metabolic by-product secretion in wild-type Escherichia coli W3110.}},
journal = {Applied and environmental microbiology},
year = {1994},
volume = {60},
number = {10},
pages = {3724--3731},
month = oct
}

@article{Varma:1993hd,
author = {Varma, A and Palsson, B O},
title = {{Metabolic Capabilities of Escherichia coli: I. Synthesis of Biosynthetic Precursors and Cofactors}},
journal = {Journal of Theoretical Biology},
year = {1993},
volume = {165},
number = {4},
pages = {477--502}
}

