%% Created using Papers on Mon, 17 Mar 2014.
%% http://papersapp.com/papers/

@article{Baldi:2001ul,
author = {Baldi, Pierre and Long, Anthony D},
title = {{A Bayesian framework for the analysis of microarray expression data: regularized t -test and statistical inferences of gene changes}},
journal = {Bioinformatics},
year = {2001},
volume = {17},
number = {6},
pages = {509--519},
month = jun
}

@article{Ackermann:2009bw,
author = {Ackermann, Marit and Strimmer, Korbinian},
title = {{A general modular framework for gene set enrichment analysis}},
journal = {BMC Bioinformatics},
year = {2009},
volume = {10},
number = {1},
pages = {47},
month = feb
}

@article{Pothoulakis:1996kd,
author = {Pothoulakis, C and Galili, U and Castagliuolo, I and Kelly, C P and Nikulasson, S and Dudeja, P K and Brasitus, T A and LaMont, J T},
title = {{A human antibody binds to alpha-galactose receptors and mimics the effects of Clostridium difficile toxin A in rat colon.}},
journal = {Gastroenterology},
year = {1996},
volume = {110},
number = {6},
pages = {1704--1712},
month = jul
}

@article{Wu:2004wh,
author = {Wu, Z and Irizarry, R A and Gentleman, R and Murillo, F M and Spencer, F},
title = {{A model based background adjustment for oligonucleotide expression arrays}},
journal = {Journal of the American Statistical Association},
year = {2004},
volume = {99},
number = {468},
pages = {909--917}
}

@article{Gautier:2004kv,
author = {Gautier, L and Cope, L and Bolstad, B M and Irizarry, R A},
title = {{affy--analysis of Affymetrix GeneChip data at the probe level}},
journal = {Bioinformatics},
year = {2004},
volume = {20},
number = {3},
pages = {307--315},
month = feb
}

@article{He:2009hg,
author = {He, Xiangyun and Wang, Jufang and Steele, Jennifer and Sun, Xingmin and Nie, Weijia and Tzipori, Saul and Feng, Hanping},
title = {{An ultrasensitive rapid immunocytotoxicity assay for detecting Clostridium difficile toxins.}},
journal = {Journal of Microbiological Methods},
year = {2009},
volume = {78},
number = {1},
pages = {97--100},
month = jul
}

@article{Linhoff:2009dm,
author = {Linhoff, Michael W and Laur{\'e}n, Juha and Cassidy, Robert M and Dobie, Frederick A and Takahashi, Hideto and Nygaard, Haakon B and Airaksinen, Matti S and Strittmatter, Stephen M and Craig, Ann Marie},
title = {{An Unbiased Expression Screen for Synaptogenic Proteins Identifies the LRRTM Protein Family as Synaptic Organizers}},
journal = {Neuron},
year = {2009},
volume = {61},
number = {5},
pages = {734--749},
month = mar,
annote = {Linhoff, Michael WLauren, JuhaCassidy, Robert MDobie, Frederick ATakahashi, HidetoNygaard, Haakon BAiraksinen, Matti SStrittmatter, Stephen MCraig, Ann MarieMH 070860/MH/NIMH NIH HHS/United StatesNS 03220/NS/NINDS NIH HHS/United StatesNS 39962/NS/NINDS NIH HHS/United StatesR01 MH070860-01A1/MH/NIMH NIH HHS/United StatesR01 MH070860-02/MH/NIMH NIH HHS/United StatesR01 MH070860-03/MH/NIMH NIH HHS/United StatesR01 MH070860-04/MH/NIMH NIH HHS/United StatesR01 NS039962-11/NS/NINDS NIH HHS/United StatesR01 NS042304-08/NS/NINDS NIH HHS/United StatesR37 NS033020-17/NS/NINDS NIH HHS/United StatesR37 NS033020-19/NS/NINDS NIH HHS/United StatesResearch Support, N.I.H., ExtramuralResearch Support, Non-U.S. Gov{\&}apos;tUnited StatesNeuronNeuron. 2009 Mar 12;61(5):734-49. doi: 10.1016/j.neuron.2009.01.017.}
}

@article{Alcantara:2005dt,
author = {Alcantara, Cirle S and Jin, Xiao Hong and Brito, Gerly Anne C and Carneiro-Filho, Benedito A and Barrett, Leah J and Carey, Robert M and Guerrant, Richard L},
title = {{Angiotensin II subtype 1 receptor blockade inhibits Clostridium difficile toxin A-induced intestinal secretion in a rabbit model.}},
journal = {The Journal of Infectious Diseases},
year = {2005},
volume = {191},
number = {12},
pages = {2090--2096},
month = jun
}

@article{Rolfe:1991vx,
author = {Rolfe, R D},
title = {{Binding kinetics of Clostridium difficile toxins A and B to intestinal brush border membranes from infant and adult hamsters.}},
journal = {Infection and Immunity},
year = {1991},
volume = {59},
number = {4},
pages = {1223--1230},
month = apr
}

@article{ElHawiet:2011ep,
author = {El-Hawiet, Amr and Kitova, Elena N and Kitov, Pavel I and Eugenio, Luiz and Ng, Kenneth K S and Mulvey, George L and Dingle, Tanis C and Szpacenko, Adam and Armstrong, Glen D and Klassen, John S},
title = {{Binding of Clostridium difficile toxins to human milk oligosaccharides.}},
journal = {Glycobiology},
year = {2011},
volume = {21},
number = {9},
pages = {1217--1227},
month = sep
}

@article{Dubberke:2012hk,
author = {Dubberke, E R and Olsen, M A},
title = {{Burden of Clostridium difficile on the healthcare system}},
journal = {Clinical Infectious Diseases},
year = {2012}
}

@article{Wu:2012kp,
author = {Wu, Di and Smyth, Gordon K},
title = {{Camera: a competitive gene set test accounting for inter-gene correlation.}},
journal = {Nucleic Acids Research},
year = {2012},
volume = {40},
number = {17},
pages = {e133--e133},
month = sep,
annote = {Wu, DiSmyth, Gordon KResearch Support, Non-U.S. Gov{\&}apos;tEnglandNucleic acids researchNucleic Acids Res. 2012 Sep 1;40(17):e133. Epub 2012 May 25.}
}

@article{Krivan:1986tq,
author = {Krivan, H C and Clark, G F and Smith, D F and Wilkins, T D},
title = {{Cell surface binding site for Clostridium difficile enterotoxin: evidence for a glycoconjugate containing the sequence Gal alpha 1-3Gal beta 1-4GlcNAc.}},
journal = {Infection and Immunity},
year = {1986},
volume = {53},
number = {3},
pages = {573--581},
month = sep
}

@article{Wang:2007dy,
author = {Wang, Yonghong and Miao, Ze-Hong and Pommier, Yves and Kawasaki, Ernest S and Player, Audrey},
title = {{Characterization of mismatch and high-signal intensity probes associated with Affymetrix genechips.}},
journal = {Bioinformatics (Oxford, England)},
year = {2007},
volume = {23},
number = {16},
pages = {2088--2095},
month = aug,
annote = {The conclusion hints that using PM probes only is a good solution to the problem of high MM probe signal intensity. The conclusion hints that using PM probes only is a good solution to the problem of high MM probe signal intensity.}
}

@article{Bartlett:1977wr,
author = {Bartlett, J G and Onderdonk, A B and Cisneros, R L and Kasper, D L},
title = {{Clindamycin-associated colitis due to a toxin-producing species of Clostridium in hamsters.}},
journal = {The Journal of Infectious Diseases},
year = {1977},
volume = {136},
number = {5},
pages = {701--705},
month = nov,
annote = {Bartlett, J GOnderdonk, A BCisneros, R LKasper, D LUnited statesThe Journal of infectious diseasesJ Infect Dis. 1977 Nov;136(5):701-5.}
}

@book{Lucado:2012wl,
author = {Lucado, Jennifer and Gould, Carolyn and Elixhauser, Anne},
title = {{Clostridium Difficile Infections (CDI) in Hospital Stays, 2009: Statistical Brief {\#}124}},
publisher = {Agency for Health Care Policy and Research (US)},
year = {2012},
series = {Healthcare Cost and Utilization Project (HCUP) Statistical Briefs},
address = {Rockville (MD)},
month = feb
}

@article{Nam:2010er,
author = {Nam, Hyo Jung and Kang, Jin Ku and Kim, Sung-Kuk and Ahn, Keun Jae and Seok, Heon and Park, Sang Joon and Chang, Jong Soo and Pothoulakis, Charalabos and Lamont, John Thomas and Kim, Ho},
title = {{Clostridium difficile toxin A decreases acetylation of tubulin, leading to microtubule depolymerization through activation of histone deacetylase 6, and this mediates acute inflammation.}},
journal = {Journal of Biological Chemistry},
year = {2010},
volume = {285},
number = {43},
pages = {32888--32896},
month = oct,
annote = {Nam, Hyo JungKang, Jin KuKim, Sung-KukAhn, Keun JaeSeok, HeonPark, Sang JoonChang, Jong SooPothoulakis, CharalabosLamont, John ThomasKim, HoResearch Support, Non-U.S. Gov{\&}apos;tUnited StatesThe Journal of biological chemistryJ Biol Chem. 2010 Oct 22;285(43):32888-96. doi: 10.1074/jbc.M110.162743. Epub 2010 Aug 9.}
}

@article{Gerhard:2005dg,
author = {Gerhard, R and Tatge, H and Genth, H and Thum, T and Borlak, J and Fritz, G and Just, I},
title = {{Clostridium difficile toxin A induces expression of the stress-induced early gene product RhoB}},
journal = {The Journal of Biological Chemistry},
year = {2005},
volume = {280},
number = {2},
pages = {1499--1505},
annote = {Gerhard, RalfTatge, HelmaGenth, HaraldThum, ThomasBorlak, JurgenFritz, GerhardJust, IngoResearch Support, Non-U.S. Gov{\&}apos;tUnited StatesThe Journal of biological chemistryJ Biol Chem. 2005 Jan 14;280(2):1499-505. Epub 2004 Nov 5.}
}

@article{Castagliuolo:1998um,
author = {Castagliuolo, I and Keates, A C and Wang, C C and Pasha, A and Valenick, L and Kelly, C P and Nikulasson, S T and LaMont, J T and Pothoulakis, C},
title = {{Clostridium difficile toxin A stimulates macrophage-inflammatory protein-2 production in rat intestinal epithelial cells.}},
journal = {Journal of Immunology},
year = {1998},
volume = {160},
number = {12},
pages = {6039--6045},
month = jun
}

@article{Savidge:2003ck,
author = {Savidge, Tor C and Pan, Wei-Hua and Newman, Paul and O'Brien, Michael and Anton, Pauline M and Pothoulakis, Charalabos},
title = {{Clostridium difficile toxin B is an inflammatory enterotoxin in human intestine}},
journal = {Gastroenterology},
year = {2003},
volume = {125},
number = {2},
pages = {413--420},
month = aug,
annote = {Savidge, Tor CPan, Wei-HuaNewman, PaulO{\&}apos;brien, MichaelAnton, Pauline MPothoulakis, CharalabosDK33506/DK/NIDDK NIH HHS/United StatesDK406561/DK/NIDDK NIH HHS/United StatesResearch Support, Non-U.S. Gov{\&}apos;tResearch Support, U.S. Gov{\&}apos;t, P.H.S.United StatesGastroenterologyGastroenterology. 2003 Aug;125(2):413-20.}
}

@article{Ng:2010hu,
author = {Ng, Jeffrey and Hirota, Simon A and Gross, Olaf and Li, Yan and Ulke-Lemee, Annegret and Potentier, Mireille S and Schenck, L Patrick and Vilaysane, Akosua and Seamone, Mark E and Feng, Hanping and Armstrong, Glen D and Tschopp, Jurg and Macdonald, Justin A and Muruve, Daniel A and Beck, Paul L},
title = {{Clostridium difficile Toxin{\textendash}Induced Inflammation and Intestinal Injury Are Mediated by the Inflammasome}},
journal = {Gastroenterology},
year = {2010},
volume = {139},
number = {2},
pages = {542--552.e3},
month = aug,
annote = {Ng, JeffreyHirota, Simon AGross, OlafLi, YanUlke-Lemee, AnnegretPotentier, Mireille SSchenck, L PatrickVilaysane, AkosuaSeamone, Mark EFeng, HanpingArmstrong, Glen DTschopp, JurgMacdonald, Justin AMuruve, Daniel ABeck, Paul LCanadian Institutes of Health Research/CanadaResearch Support, Non-U.S. Gov{\&}apos;tUnited StatesGastroenterologyGastroenterology. 2010 Aug;139(2):542-52, 552.e1-3. doi: 10.1053/j.gastro.2010.04.005. Epub 2010 Apr 13.}
}

@article{Lim:2007gc,
author = {Lim, Wei Keat and Wang, Kai and Lefebvre, Celine and Califano, Andrea},
title = {{Comparative analysis of microarray normalization procedures: effects on reverse engineering gene networks.}},
journal = {Bioinformatics (Oxford, England)},
year = {2007},
volume = {23},
number = {13},
pages = {i282--8},
month = jul
}

@article{vonEichelStreiber:1992tg,
author = {von Eichel-Streiber, C and Laufenberg-Feldmann, R and Sartingen, S and Schulze, J and Sauerborn, M},
title = {{Comparative sequence analysis of the Clostridium difficile toxins A and B.}},
journal = {Molecular and General Genetics},
year = {1992},
volume = {233},
number = {1-2},
pages = {260--268},
month = jun,
annote = {von Eichel-Streiber, CLaufenberg-Feldmann, RSartingen, SSchulze, JSauerborn, MComparative StudyResearch Support, Non-U.S. Gov{\&}apos;tGermanyMolecular {\&}amp; general genetics : MGGMol Gen Genet. 1992 May;233(1-2):260-8.}
}

@article{Taylor:1981ud,
author = {Taylor, N S and Thorne, G M and Bartlett, J G},
title = {{Comparison of two toxins produced by Clostridium difficile.}},
journal = {Infection and Immunity},
year = {1981},
volume = {34},
number = {3},
pages = {1036--1043},
month = dec,
annote = {Taylor, N SThorne, G MBartlett, J GResearch Support, Non-U.S. Gov{\&}apos;tUnited statesInfection and immunityInfect Immun. 1981 Dec;34(3):1036-43.}
}

@article{Benjamini:1995ws,
author = {Benjamini, Y and Hochberg, Y},
title = {{Controlling the false discovery rate: a practical and powerful approach to multiple testing}},
journal = {Journal of the Royal Statistical Society Series B {\ldots}},
year = {1995}
}

@article{Ghantoji:2010ku,
author = {Ghantoji, S S and Sail, K and Lairson, D R and DuPont, H L and Garey, K W},
title = {{Economic healthcare costs of Clostridium difficile infection: a systematic review.}},
journal = {The Journal of Hospital Infection},
year = {2010},
volume = {74},
number = {4},
pages = {309--318},
month = may,
annote = {Ghantoji, S SSail, KLairson, D RDuPont, H LGarey, K WReviewEnglandThe Journal of hospital infectionJ Hosp Infect. 2010 Apr;74(4):309-18. Epub 2010 Feb 12.}
}

@article{Lyerly:1985dx,
author = {Lyerly, D M and Saum, K E and MacDonald, D K and Wilkins, T D},
title = {{Effects of Clostridium difficile toxins given intragastrically to animals.}},
journal = {Infection and Immunity},
year = {1985},
volume = {47},
number = {2},
pages = {349--352},
month = feb,
annote = {Lyerly, D MSaum, K EMacDonald, D KWilkins, T DAI 15749/AI/NIAID NIH HHS/United StatesResearch Support, Non-U.S. Gov{\&}apos;tResearch Support, U.S. Gov{\&}apos;t, P.H.S.United statesInfection and immunityInfect Immun. 1985 Feb;47(2):349-52.}
}

@article{Libby:1982wm,
author = {Libby, J M and Jortner, B S and Wilkins, T D},
title = {{Effects of the two toxins of Clostridium difficile in antibiotic-associated cecitis in hamsters.}},
journal = {Infection and Immunity},
year = {1982},
volume = {36},
number = {2},
pages = {822--829},
month = may,
annote = {Libby, J MJortner, B SWilkins, T DAI 15749/AI/NIAID NIH HHS/United StatesResearch Support, U.S. Gov{\&}apos;t, P.H.S.United statesInfection and immunityInfect Immun. 1982 May;36(2):822-9.}
}

@article{Becker:2010io,
author = {Becker, Stephen M and Cho, Kyou-Nam and Guo, Xiaoti and Fendig, Kirsten and Oosman, Mohammed N and Whitehead, Robert and Cohn, Steven M and Houpt, Eric R},
title = {{Epithelial cell apoptosis facilitates Entamoeba histolytica infection in the gut.}},
journal = {The American Journal of Pathology},
year = {2010},
volume = {176},
number = {3},
pages = {1316--1322},
month = mar
}

@article{Ishida:2004ta,
author = {Ishida, Yuko and Maegawa, Tsuneo and Kondo, Toshikazu and Kimura, Akihiko and Iwakura, Yoichiro and Nakamura, Shinichi and Mukaida, Naofumi},
title = {{Essential involvement of IFN-gamma in Clostridium difficile toxin A-induced enteritis.}},
journal = {Journal of Immunology},
year = {2004},
volume = {172},
number = {5},
pages = {3018--3025},
month = apr,
annote = {Ishida, YukoMaegawa, TsuneoKondo, ToshikazuKimura, AkihikoIwakura, YoichiroNakamura, ShinichiMukaida, NaofumiResearch Support, Non-U.S. Gov{\&}apos;tUnited StatesJournal of immunology (Baltimore, Md. : 1950)J Immunol. 2004 Mar 1;172(5):3018-25.}
}

@article{Irizarry:2003ge,
author = {Irizarry, Rafael a and Hobbs, Bridget and Collin, Francois and Beazer-Barclay, Yasmin D and Antonellis, Kristen J and Scherf, Uwe and Speed, Terence P},
title = {{Exploration, normalization, and summaries of high density oligonucleotide array probe level data.}},
journal = {Biostatistics},
year = {2003},
volume = {4},
number = {2},
pages = {249--264},
month = apr,
annote = {Irizarry, Rafael AHobbs, BridgetCollin, FrancoisBeazer-Barclay, Yasmin DAntonellis, Kristen JScherf, UweSpeed, Terence PU01 HL66583/HL/NHLBI NIH HHS/United StatesResearch Support, U.S. Gov{\&}apos;t, P.H.S.EnglandBiostatistics (Oxford, England)Biostatistics. 2003 Apr;4(2):249-64. Irizarry, Rafael AHobbs, BridgetCollin, FrancoisBeazer-Barclay, Yasmin DAntonellis, Kristen JScherf, UweSpeed, Terence PU01 HL66583/HL/NHLBI NIH HHS/United StatesResearch Support, U.S. Gov{\&}apos;t, P.H.S.EnglandBiostatistics (Oxford, England)Biostatistics. 2003 Apr;4(2):249-64.}
}

@booklet{Tukey:1977uy,
title = {{Exploratory Data Analysis}},
author = {Tukey, John W},
year = {1977}
}

@article{Starkey:2009kn,
author = {Starkey, Michelle L and Davies, Meirion and Yip, Ping K and Carter, Lucy M and Wong, Danny J N and McMahon, Stephen B and Bradbury, Elizabeth J},
title = {{Expression of the regeneration-associated protein SPRR1A in primary sensory neurons and spinal cord of the adult mouse following peripheral and central injury.}},
journal = {The Journal of Comparative Neurology},
year = {2009},
volume = {513},
number = {1},
pages = {51--68},
month = mar,
annote = {Starkey, Michelle LDavies, MeirionYip, Ping KCarter, Lucy MWong, Danny J NMcMahon, Stephen BBradbury, Elizabeth JG120/818/Medical Research Council/United KingdomG120/818(65519)/Medical Research Council/United KingdomG120/818(75098)/Medical Research Council/United KingdomResearch Support, Non-U.S. Gov{\&}apos;tUnited StatesThe Journal of comparative neurologyJ Comp Neurol. 2009 Mar 1;513(1):51-68. doi: 10.1002/cne.21944.}
}

@article{Ballman:2004ee,
author = {Ballman, Karla V and Grill, Diane E and Oberg, Ann L and Therneau, Terry M},
title = {{Faster cyclic loess: normalizing RNA arrays via linear models.}},
journal = {Bioinformatics},
year = {2004},
volume = {20},
number = {16},
pages = {2778--2786},
month = nov
}

@article{Small:1968ux,
author = {Small, J D},
title = {{Fatal enterocolitis in hamsters given lincomycin hydrochloride.}},
journal = {Laboratory Animal Care},
year = {1968},
volume = {18},
number = {4},
pages = {411--420},
month = aug,
annote = {Small, J DUnited statesLaboratory animal careLab Anim Care. 1968 Aug;18(4):411-20.}
}

@article{Morteau:2002ts,
author = {Morteau, Olivier and Castagliuolo, Ignazio and Mykoniatis, Andreas and Zacks, Jeff and Wlk, Michael and Lu, Bao and Pothoulakis, Charalabos and Gerard, Norma P and Gerard, Craig},
title = {{Genetic deficiency in the chemokine receptor CCR1 protects against acute Clostridium difficile toxin A enteritis in mice.}},
journal = {Gastroenterology},
year = {2002},
volume = {122},
number = {3},
pages = {725--733},
month = mar
}

@article{Na:2008eu,
author = {Na, Xi and Kim, Ho and Moyer, Mary P and Pothoulakis, Charalabos and LaMont, J Thomas},
title = {{gp96 is a human colonocyte plasma membrane binding protein for Clostridium difficile toxin A.}},
journal = {Infection and Immunity},
year = {2008},
volume = {76},
number = {7},
pages = {2862--2871},
month = jul,
annote = {Na, XiKim, HoMoyer, Mary PPothoulakis, CharalabosLaMont, J ThomasR01 DK 47343/DK/NIDDK NIH HHS/United StatesR37 DK 34583-21/DK/NIDDK NIH HHS/United StatesResearch Support, N.I.H., ExtramuralUnited StatesInfection and immunityInfect Immun. 2008 Jul;76(7):2862-71. doi: 10.1128/IAI.00326-08. Epub 2008 Apr 14.}
}

@article{Kim:2012cu,
author = {Kim, Bae-Hoon and Shenoy, Avinash R and Kumar, Pradeep and Bradfield, Clinton J and Macmicking, John D},
title = {{IFN-Inducible GTPases in Host Cell Defense}},
journal = {Cell Host {\&} Microbe},
year = {2012},
volume = {12},
number = {4},
pages = {432--444},
month = oct
}

@article{Madan:2012kp,
author = {Madan, Rajat and Petri Jr, William A},
title = {{Immune responses to Clostridium difficile infection}},
journal = {Trends in Molecular Medicine},
year = {2012},
volume = {18},
number = {11},
pages = {658--666},
month = nov,
annote = {Madan, RajatJr, William A PetriU54 AI057168/AI/NIAID NIH HHS/United StatesEnglandTrends in molecular medicineTrends Mol Med. 2012 Nov;18(11):658-66. doi: 10.1016/j.molmed.2012.09.005. Epub 2012 Oct 16.}
}

@article{Rolfe:1995wl,
author = {Rolfe, R D and Song, W},
title = {{Immunoglobulin and non-immunoglobulin components of human milk inhibit Clostridium difficile toxin A-receptor binding.}},
journal = {Journal of Medical Microbiology},
year = {1995},
volume = {42},
number = {1},
pages = {10--19},
month = feb
}

@article{Hirota:2012gx,
author = {Hirota, Simon A and Iablokov, Vadim and Tulk, Sarah E and Schenck, L Patrick and Becker, Helen and Nguyen, Jimmie and Al Bashir, Samir and Dingle, Tanis C and Laing, Austin and Liu, Jianrui and Li, Yan and Bolstad, Jeff and Mulvey, George L and Armstrong, Glen D and MacNaughton, Wallace K and Muruve, Daniel A and Macdonald, Justin A and Beck, Paul L},
title = {{Intrarectal instillation of Clostridium difficile toxin A triggers colonic inflammation and tissue damage: development of a novel and efficient mouse model of Clostridium difficile toxin exposure.}},
journal = {Infection and Immunity},
year = {2012},
volume = {80},
number = {12},
pages = {4474--4484},
month = dec,
annote = {Hirota, Simon AIablokov, VadimTulk, Sarah ESchenck, L PatrickBecker, HelenNguyen, JimmieAl Bashir, SamirDingle, Tanis CLaing, AustinLiu, JianruiLi, YanBolstad, JeffMulvey, George LArmstrong, Glen DMacNaughton, Wallace KMuruve, Daniel AMacDonald, Justin ABeck, Paul LISO-106796/Canadian Institutes of Health Research/CanadaMOP-98004/Canadian Institutes of Health Research/CanadaEvaluation StudiesResearch Support, Non-U.S. Gov{\&}apos;tUnited StatesInfection and immunityInfect Immun. 2012 Dec;80(12):4474-84. doi: 10.1128/IAI.00933-12. Epub 2012 Oct 8. Hirota, Simon A Iablokov, Vadim Tulk, Sarah E Schenck, L Patrick Becker, Helen Nguyen, Jimmie Al Bashir, Samir Dingle, Tanis C Laing, Austin Liu, Jianrui Li, Yan Bolstad, Jeff Mulvey, George L Armstrong, Glen D MacNaughton, Wallace K Muruve, Daniel A MacDonald, Justin A Beck, Paul L ISO-106796/Canadian Institutes of Health Research/Canada MOP-98004/Canadian Institutes of Health Research/Canada Evaluation Studies Research Support, Non-U.S. Gov{\&}apos;t United States Infection and immunity Infect Immun. 2012 Dec;80(12):4474-84. doi: 10.1128/IAI.00933-12. Epub 2012 Oct 8.}
}

@article{Smyth:2005ht,
author = {Smyth, G K},
title = {{Limma: linear models for microarray data}},
journal = {{\ldots} and computational biology solutions using R and {\ldots}},
year = {2005}
}

@article{Smyth:2004gh,
author = {Smyth, Gordon K},
title = {{Linear models and empirical bayes methods for assessing differential expression in microarray experiments.}},
journal = {Statistical applications in genetics and molecular biology},
year = {2004},
volume = {3},
number = {1},
pages = {Article3}
}

@article{ElFeghaly:2013gq,
author = {El Feghaly, Rana E and Stauber, Jennifer L and Deych, Elena and Gonzalez, Carlos and Tarr, Phillip I and Haslam, David B},
title = {{Markers of intestinal inflammation, not bacterial burden, correlate with clinical outcomes in Clostridium difficile infection.}},
journal = {Clinical Infectious Diseases},
year = {2013},
volume = {56},
number = {12},
pages = {1713--1721},
month = jul
}

@article{Kokkotou:2009ik,
author = {Kokkotou, E and Espinoza, D O and Torres, D and Karagiannides, I and Kosteletos, S and Savidge, T and O'Brien, M and Pothoulakis, C},
title = {{Melanin-concentrating hormone (MCH) modulates C difficile toxin A-mediated enteritis in mice.}},
journal = {Gut},
year = {2009},
volume = {58},
number = {1},
pages = {34--40},
month = feb,
annote = {Kokkotou, EEspinoza, D OTorres, DKaragiannides, IKosteletos, SSavidge, TO{\&}apos;Brien, MPothoulakis, CDK 033506/DK/NIDDK NIH HHS/United StatesDK080058/DK/NIDDK NIH HHS/United StatesP30 DK040561-13/DK/NIDDK NIH HHS/United StatesP30-DK040561/DK/NIDDK NIH HHS/United StatesR01 DK080058-01A1/DK/NIDDK NIH HHS/United StatesResearch Support, N.I.H., ExtramuralResearch Support, Non-U.S. Gov{\&}apos;tEnglandGutGut. 2009 Jan;58(1):34-40. doi: 10.1136/gut.2008.155341. Epub 2008 Sep 29.}
}

@article{Li:2001wk,
author = {Li, C and Hung Wong, W},
title = {{Model-based analysis of oligonucleotide arrays: model validation, design issues and standard error application.}},
journal = {Genome Biology},
year = {2001},
volume = {2},
number = {8},
pages = {RESEARCH0032}
}

@article{Pawlowski:2010il,
author = {Pawlowski, S W and Calabrese, G and Kolling, G L and Platts-Mills, J and Freire, R and AlcantaraWarren, C and Liu, B and Sartor, R B and Guerrant, R L},
title = {{Murine model of Clostridium difficile infection with aged gnotobiotic C57BL/6 mice and a BI/NAP1 strain.}},
journal = {Journal of Infectious Diseases},
year = {2010},
volume = {202},
number = {11},
pages = {1708--1712},
month = dec
}

@article{Castagliuolo:1994ta,
author = {Castagliuolo, I and LaMont, J T and Letourneau, R and Kelly, C and O'Keane, J C and Jaffer, A and Theoharides, T C and Pothoulakis, C},
title = {{Neuronal involvement in the intestinal effects of Clostridium difficile toxin A and Vibrio cholerae enterotoxin in rat ileum.}},
journal = {Gastroenterology},
year = {1994},
volume = {107},
number = {3},
pages = {657--665},
month = sep
}

@article{Kelly:1994cu,
author = {Kelly, C P and Becker, S and Linevsky, J K and Joshi, M A and O'Keane, J C and Dickey, B F and LaMont, J T and Pothoulakis, C},
title = {{Neutrophil recruitment in Clostridium difficile toxin A enteritis in the rabbit.}},
journal = {Journal of Clinical Investigation},
year = {1994},
volume = {93},
number = {3},
pages = {1257--1265},
month = mar,
annote = {Kelly, C PBecker, SLinevsky, J KJoshi, M AO{\&}apos;Keane, J CDickey, B FLaMont, J TPothoulakis, CDK-02128/DK/NIDDK NIH HHS/United StatesDK-34583/DK/NIDDK NIH HHS/United StatesHL-43161/HL/NHLBI NIH HHS/United Statesetc.Research Support, Non-U.S. Gov{\&}apos;tResearch Support, U.S. Gov{\&}apos;t, P.H.S.United statesThe Journal of clinical investigationJ Clin Invest. 1994 Mar;93(3):1257-65.}
}

@article{Warny:2000ct,
author = {Warny, M and Keates, A C and Keates, S and Castagliuolo, I and Zacks, J K and Aboudola, S and Qamar, A and Pothoulakis, C and LaMont, J T and Kelly, C P},
title = {{p38 MAP kinase activation by Clostridium difficile toxin A mediates monocyte necrosis, IL-8 production, and enteritis.}},
journal = {Journal of Clinical Investigation},
year = {2000},
volume = {105},
number = {8},
pages = {1147--1156},
month = apr,
annote = {Warny, MKeates, A CKeates, SCastagliuolo, IZacks, J KAboudola, SQamar, APothoulakis, CLaMont, J TKelly, C PR01DK-38583/DK/NIDDK NIH HHS/United StatesR01DK-47343/DK/NIDDK NIH HHS/United StatesR01DK-54920/DK/NIDDK NIH HHS/United StatesResearch Support, Non-U.S. Gov{\&}apos;tResearch Support, U.S. Gov{\&}apos;t, P.H.S.United statesThe Journal of clinical investigationJ Clin Invest. 2000 Apr;105(8):1147-56.}
}

@article{Kim:2005fw,
author = {Kim, Seon-Young and Volsky, David J},
title = {{PAGE: parametric analysis of gene set enrichment.}},
journal = {BMC Bioinformatics},
year = {2005},
volume = {6},
number = {1},
pages = {144}
}

@article{Pothoulakis:1996ba,
author = {Pothoulakis, C and Gilbert, R J and Cladaras, C and Castagliuolo, I and Semenza, G and Hitti, Y and Montcrief, J S and Linevsky, J and Kelly, C P and Nikulasson, S and Desai, H P and Wilkins, T D and LaMont, J T},
title = {{Rabbit sucrase-isomaltase contains a functional intestinal receptor for Clostridium difficile toxin A.}},
journal = {Journal of Clinical Investigation},
year = {1996},
volume = {98},
number = {3},
pages = {641--649},
month = aug
}

@article{Tusher:2001kk,
author = {Tusher, V G and Tibshirani, R and Chu, G},
title = {{Significance analysis of microarrays applied to the ionizing radiation response}},
journal = {Proceedings of the National Academy of Sciences},
year = {2001},
volume = {98},
number = {9},
pages = {5116--5121},
month = apr
}

@techreport{Affymetrix:2002vh,
author = {{Affymetrix}},
title = {{Statistical Algorithms Description Document}},
year = {2002},
address = {Santa Clara}
}

@article{Jank:2008eq,
author = {Jank, Thomas and Aktories, Klaus},
title = {{Structure and mode of action of clostridial glucosylating toxins: the ABCD model}},
journal = {Trends in Microbiology},
year = {2008},
volume = {16},
number = {5},
pages = {222--229},
month = may,
annote = {Jank, ThomasAktories, KlausReviewEnglandTrends in microbiologyTrends Microbiol. 2008 May;16(5):222-9. Epub 2008 Apr 18.}
}

@article{Zeiser:2013cu,
author = {Zeiser, Johannes and Gerhard, Ralf and Just, Ingo and Pich, Andreas},
title = {{Substrate specificity of clostridial glucosylating toxins and their function on colonocytes analyzed by proteomics techniques.}},
journal = {Journal of Proteome Research},
year = {2013},
volume = {12},
number = {4},
pages = {1604--1618},
month = apr
}

@article{Steele:2012ft,
author = {Steele, Jennifer and Chen, Kevin and Sun, Xingmin and Zhang, Yongrong and Wang, Haiying and Tzipori, Saul and Feng, Hanping},
title = {{Systemic dissemination of Clostridium difficile toxins A and B is associated with severe, fatal disease in animal models.}},
journal = {Journal of Infectious Diseases},
year = {2012},
volume = {205},
number = {3},
pages = {384--391},
month = feb,
annote = {Steele, JenniferChen, KevinSun, XingminZhang, YongrongWang, HaiyingTzipori, SaulFeng, HanpingF32AI081497/AI/NIAID NIH HHS/United StatesK01DK076549/DK/NIDDK NIH HHS/United StatesN01-30050/PHS HHS/United StatesR01AI088748/AI/NIAID NIH HHS/United StatesR01DK084509/DK/NIDDK NIH HHS/United StatesResearch Support, N.I.H., ExtramuralUnited StatesThe Journal of infectious diseasesJ Infect Dis. 2012 Feb 1;205(3):384-91. doi: 10.1093/infdis/jir748. Epub 2011 Dec 5.}
}

@article{DAuria:2012bd,
author = {D'Auria, Kevin M and Donato, Gina M and Gray, Mary C and Kolling, Glynis L and Warren, Cirle A and Cave, Lauren M and Solga, Michael D and Lannigan, Joanne A and Papin, Jason A and Hewlett, Erik L},
title = {{Systems analysis of the transcriptional response of human ileocecal epithelial cells to Clostridium difficile toxins and effects on cell cycle control.}},
journal = {BMC Systems Biology},
year = {2012},
volume = {6},
number = {1},
pages = {2}
}

@article{McGlone:2011fh,
author = {McGlone, S M and Bailey, R R and Zimmer, S M and Popovich, M J and Tian, Y and Ufberg, P and Muder, R R and Lee, B Y},
title = {{The economic burden of Clostridium difficile}},
journal = {Clinical Microbiology and Infection},
year = {2011},
volume = {18},
number = {3},
pages = {282--289},
month = jun,
annote = {McGlone, S MBailey, R RZimmer, S MPopovich, M JTian, YUfberg, PMuder, R RLee, B Y5U54GM088491-02/GM/NIGMS NIH HHS/United StatesResearch Support, N.I.H., ExtramuralResearch Support, Non-U.S. Gov{\&}apos;tFranceClinical microbiology and infection : the official publication of the European Society of Clinical Microbiology and Infectious DiseasesClin Microbiol Infect. 2012 Mar;18(3):282-9. doi: 10.1111/j.1469-0691.2011.03571.x. Epub 2011 Jun 10.}
}

@article{Sun:2010kt,
author = {Sun, Xingmin and Savidge, Tor and Feng, Hanping},
title = {{The Enterotoxicity of Clostridium difficile Toxins}},
journal = {Toxins},
year = {2010},
volume = {2},
number = {7},
pages = {1848--1880},
month = jul,
annote = {Sun, XingminSavidge, TorFeng, HanpingSwitzerlandToxinsToxins (Basel). 2010 Jul;2(7):1848-80. doi: 10.3390/toxins2071848. Epub 2010 Jul 14.}
}

@article{Kuehne:2010hv,
author = {Kuehne, Sarah A and Cartman, Stephen T and Heap, John T and Kelly, Michelle L and Cockayne, Alan and Minton, Nigel P},
title = {{The role of toxin A and toxin B in Clostridium difficile infection}},
journal = {Nature},
year = {2010},
volume = {467},
number = {7316},
pages = {711--713},
month = oct,
annote = {Kuehne, Sarah ACartman, Stephen THeap, John TKelly, Michelle LCockayne, AlanMinton, Nigel PBB/F003390/1/Biotechnology and Biological Sciences Research Council/United KingdomG0601176/Medical Research Council/United KingdomResearch Support, Non-U.S. Gov{\&}apos;tEnglandNatureNature. 2010 Oct 7;467(7316):711-3. Epub 2010 Sep 15.}
}

@article{Carter:2012cm,
author = {Carter, Glen P and Rood, Julian I and Lyras, Dena},
title = {{The role of toxin A and toxin B in the virulence of Clostridium difficile}},
journal = {Trends in Microbiology},
year = {2012},
volume = {20},
number = {1},
pages = {21--29},
month = jan,
annote = {Carter, Glen PRood, Julian ILyras, DenaResearch Support, Non-U.S. Gov{\&}apos;tReviewEnglandTrends in microbiologyTrends Microbiol. 2012 Jan;20(1):21-9. Epub 2011 Dec 7.}
}

@article{Albert:2011jy,
author = {Albert, Eric J and Duplisea, Jon and Dawicki, Wojciech and Haidl, Ian D and Marshall, Jean S},
title = {{Tissue eosinophilia in a mouse model of colitis is highly dependent on TLR2 and independent of mast cells.}},
journal = {The American Journal of Pathology},
year = {2011},
volume = {178},
number = {1},
pages = {150--160},
month = jan
}

@article{Tucker:1991uk,
author = {Tucker, K D and Wilkins, T D},
title = {{Toxin A of Clostridium difficile binds to the human carbohydrate antigens I, X, and Y.}},
journal = {Infection and Immunity},
year = {1991},
volume = {59},
number = {1},
pages = {73--78},
month = jan
}

@article{Drudy:2007fa,
author = {Drudy, Denise and Fanning, S{\'e}amus and Kyne, Lorraine},
title = {{Toxin A-negative, toxin B-positive Clostridium difficile.}},
journal = {International Journal of Infectious Diseases},
year = {2007},
volume = {11},
number = {1},
pages = {5--10},
month = jan,
annote = {Drudy, DeniseFanning, SeamusKyne, LorraineResearch Support, N.I.H., ExtramuralResearch Support, Non-U.S. Gov{\&}apos;tReviewCanadaInternational journal of infectious diseases : IJID : official publication of the International Society for Infectious DiseasesInt J Infect Dis. 2007 Jan;11(1):5-10. Epub 2006 Jul 20.}
}

@article{Lyras:2009jx,
author = {Lyras, Dena and Connor, Jennifer R O rsquo and Howarth, Pauline M and Sambol, Susan P and Carter, Glen P and Phumoonna, Tongted and Poon, Rachael and Adams, Vicki and Vedantam, Gayatri and Johnson, Stuart and Gerding, Dale N and Rood, Julian I},
title = {{Toxin B is essential for virulence of Clostridium difficile}},
journal = {Nature},
year = {2009},
volume = {458},
number = {7242},
pages = {1176--1179},
month = mar
}

@article{ChavesOlarte:1997cs,
author = {Chaves-Olarte, E and Weidmann, M and Eichel-Streiber, C and Thelestam, M},
title = {{Toxins A and B from Clostridium difficile differ with respect to enzymatic potencies, cellular substrate specificities, and surface binding to cultured cells.}},
journal = {Journal of Clinical Investigation},
year = {1997},
volume = {100},
number = {7},
pages = {1734--1741},
month = oct,
annote = {Chaves-Olarte, EWeidmann, MEichel-Streiber, CThelestam, MComparative StudyResearch Support, Non-U.S. Gov{\&}apos;tUnited statesThe Journal of clinical investigationJ Clin Invest. 1997 Oct 1;100(7):1734-41.}
}

