@article{Herrmann:1997gx,
author = {Herrmann, E},
title = {{Local bandwidth choice in kernel regression estimation}},
journal = {Journal of Computational and Graphical {\ldots}},
year = {1997},
volume = {6},
number = {1},
pages = {35--54}
}

