%% Created using Papers on Mon, 31 Mar 2014.
%% http://papersapp.com/papers/

@article{Augenlicht:1982wo,
author = {Augenlicht, L H and Kobrin, D},
title = {{Cloning and screening of sequences expressed in a mouse colon tumor.}},
journal = {Cancer research},
year = {1982},
volume = {42},
number = {3},
pages = {1088--1093},
month = mar
}

@article{Chen:2007cr,
author = {Chen, Zhongxue and McGee, Monnie and Liu, Qingzhong and Scheuermann, Richard H},
title = {{A distribution free summarization method for Affymetrix GeneChip arrays.}},
journal = {Bioinformatics},
year = {2007},
volume = {23},
number = {3},
pages = {321--327},
month = feb
}

@article{Crick:1970wb,
author = {Crick, F},
title = {{Central dogma of molecular biology}},
journal = {Nature},
year = {1970}
}

@article{Gregory:2006tu,
author = {Gregory, S G and Barlow, K F and McLay, K E and Kaul, R and Swarbreck, D and Dunham, A and Scott, C E and Howe, K L and Woodfine, K and Spencer, C C A and Jones, M C and Gillson, C and Searle, S and Zhou, Y and Kokocinski, F and McDonald, L and Evans, R and Phillips, K and Atkinson, A and Cooper, R and Jones, C and Hall, R E and Andrews, T D and Lloyd, C and Ainscough, R and Almeida, J P and Ambrose, K D and Anderson, F and Andrew, R W and Ashwell, R I S and Aubin, K and Babbage, A K and Bagguley, C L and Bailey, J and Beasley, H and Bethel, G and Bird, C P and Bray-Allen, S and Brown, J Y and Brown, A J and Buckley, D and Burton, J and Bye, J and Carder, C and Chapman, J C and Clark, S Y and Clarke, G and Clee, C and Cobley, V and Collier, R E and Corby, N and Coville, G J and Davies, J and Deadman, R and Dunn, M and Earthrowl, M and Ellington, A G and Errington, H and Frankish, A and Frankland, J and French, L and Garner, P and Garnett, J and Gay, L and Ghori, M R J and Gibson, R and Gilby, L M and Gillett, W and Glithero, R J and Grafham, D V and Griffiths, C and Griffiths-Jones, S and Grocock, R and Hammond, S and Harrison, E S I and Hart, E and Haugen, E and Heath, P D and Holmes, S and Holt, K and Howden, P J and Hunt, A R and Hunt, S E and Hunter, G and Isherwood, J and James, R and Johnson, C and Johnson, D and Joy, A and Kay, M and Kershaw, J K and Kibukawa, M and Kimberley, A M and King, A and Knights, A J and Lad, H and Laird, G and Lawlor, S and Leongamornlert, D A and Lloyd, D M and Loveland, J and Lovell, J and Lush, M J and Lyne, R and Martin, S and Mashreghi-Mohammadi, M and Matthews, L and Matthews, N S W and McLaren, S and Milne, S and Mistry, S and Moore, M J F and Nickerson, T and O'Dell, C N and Oliver, K and Palmeiri, A and Palmer, S A and Parker, A and Patel, D and Pearce, A V and Peck, A I and Pelan, S and Phelps, K and Phillimore, B J and Plumb, R and Rajan, J and Raymond, C and Rouse, G and Saenphimmachak, C and Sehra, H K and Sheridan, E and Shownkeen, R and Sims, S and Skuce, C D and Smith, M and Steward, C and Subramanian, S and Sycamore, N and Tracey, A and Tromans, A and Van Helmond, Z and Wall, M and Wallis, J M and White, S and Whitehead, S L and Wilkinson, J E and Willey, D L and Williams, H and Wilming, L and Wray, P W and Wu, Z and Coulson, A and Vaudin, M and Sulston, J E and Durbin, R and Hubbard, T and Wooster, R and Dunham, I and Carter, N P and McVean, G and Ross, M T and Harrow, J and Olson, M V and Beck, S and Rogers, J and Bentley, D R and Banerjee, R and Bryant, S P and Burford, D C and Burrill, W D H and Clegg, S M and Dhami, P and Dovey, O and Faulkner, L M and Gribble, S M and Langford, C F and Pandian, R D and Porter, K M and Prigmore, E},
title = {{The DNA sequence and biological annotation of human chromosome 1.}},
journal = {Nature},
year = {2006},
volume = {441},
number = {7091},
pages = {315--321},
month = may
}

@article{Hein:2005ip,
author = {Hein, Anne-Mette K and Richardson, Sylvia and Causton, Helen C and Ambler, Graeme K and Green, Peter J},
title = {{BGX: a fully Bayesian integrated approach to the analysis of Affymetrix GeneChip data.}},
journal = {Biostatistics},
year = {2005},
volume = {6},
number = {3},
pages = {349--373},
month = jul
}

@article{Hochreiter:2006ja,
author = {Hochreiter, Sepp and Clevert, Djork-Arn{\'e} and Obermayer, Klaus},
title = {{A new summarization method for Affymetrix probe level data.}},
journal = {Bioinformatics},
year = {2006},
volume = {22},
number = {8},
pages = {943--949},
month = apr
}

@article{Consortium:2004bm,
author = {{International Human Genome Sequencing Consortium}},
title = {{Finishing the euchromatic sequence of the human genome.}},
journal = {Nature},
year = {2004},
volume = {431},
number = {7011},
pages = {931--945},
month = oct
}

@article{Irizarry:2003ge,
author = {Irizarry, Rafael a and Hobbs, Bridget and Collin, Francois and Beazer-Barclay, Yasmin D and Antonellis, Kristen J and Scherf, Uwe and Speed, Terence P},
title = {{Exploration, normalization, and summaries of high density oligonucleotide array probe level data.}},
journal = {Biostatistics},
year = {2003},
volume = {4},
number = {2},
pages = {249--264},
month = apr,
annote = {Irizarry, Rafael AHobbs, BridgetCollin, FrancoisBeazer-Barclay, Yasmin DAntonellis, Kristen JScherf, UweSpeed, Terence PU01 HL66583/HL/NHLBI NIH HHS/United StatesResearch Support, U.S. Gov{\&}apos;t, P.H.S.EnglandBiostatistics (Oxford, England)Biostatistics. 2003 Apr;4(2):249-64. Irizarry, Rafael AHobbs, BridgetCollin, FrancoisBeazer-Barclay, Yasmin DAntonellis, Kristen JScherf, UweSpeed, Terence PU01 HL66583/HL/NHLBI NIH HHS/United StatesResearch Support, U.S. Gov{\&}apos;t, P.H.S.EnglandBiostatistics (Oxford, England)Biostatistics. 2003 Apr;4(2):249-64.}
}

@article{Lander:2001wi,
author = {Lander, E S and Linton, L M and Birren, B and Nusbaum, C and Zody, M C and Baldwin, J and Devon, K and Dewar, K and Doyle, M and FitzHugh, W and Funke, R and Gage, D and Harris, K and Heaford, A and Howland, J and Kann, L and Lehoczky, J and LeVine, R and McEwan, P and McKernan, K and Meldrim, J and Mesirov, J P and Miranda, C and Morris, W and Naylor, J and Raymond, C and Rosetti, M and Santos, R and Sheridan, A and Sougnez, C and Stange-Thomann, N and Stojanovic, N and Subramanian, A and Wyman, D and Rogers, J and Sulston, J and Ainscough, R and Beck, S and Bentley, D and Burton, J and Clee, C and Carter, N and Coulson, A and Deadman, R and Deloukas, P and Dunham, A and Dunham, I and Durbin, R and French, L and Grafham, D and Gregory, S and Hubbard, T and Humphray, S and Hunt, A and Jones, M and Lloyd, C and McMurray, A and Matthews, L and Mercer, S and Milne, S and Mullikin, J C and Mungall, A and Plumb, R and Ross, M and Shownkeen, R and Sims, S and Waterston, R H and Wilson, R K and Hillier, L W and McPherson, J D and Marra, M A and Mardis, E R and Fulton, L A and Chinwalla, A T and Pepin, K H and Gish, W R and Chissoe, S L and Wendl, M C and Delehaunty, K D and Miner, T L and Delehaunty, A and Kramer, J B and Cook, L L and Fulton, R S and Johnson, D L and Minx, P J and Clifton, S W and Hawkins, T and Branscomb, E and Predki, P and Richardson, P and Wenning, S and Slezak, T and Doggett, N and Cheng, J F and Olsen, A and Lucas, S and Elkin, C and Uberbacher, E and Frazier, M and Gibbs, R A and Muzny, D M and Scherer, S E and Bouck, J B and Sodergren, E J and Worley, K C and Rives, C M and Gorrell, J H and Metzker, M L and Naylor, S L and Kucherlapati, R S and Nelson, D L and Weinstock, G M and Sakaki, Y and Fujiyama, A and Hattori, M and Yada, T and Toyoda, A and Itoh, T and Kawagoe, C and Watanabe, H and Totoki, Y and Taylor, T and Weissenbach, J and Heilig, R and Saurin, W and Artiguenave, F and Brottier, P and Bruls, T and Pelletier, E and Robert, C and Wincker, P and Smith, D R and Doucette-Stamm, L and Rubenfield, M and Weinstock, K and Lee, H M and Dubois, J and Rosenthal, A and Platzer, M and Nyakatura, G and Taudien, S and Rump, A and Yang, H and Yu, J and Wang, J and Huang, G and Gu, J and Hood, L and Rowen, L and Madan, A and Qin, S and Davis, R W and Federspiel, N A and Abola, A P and Proctor, M J and Myers, R M and Schmutz, J and Dickson, M and Grimwood, J and Cox, D R and Olson, M V and Kaul, R and Shimizu, N and Kawasaki, K and Minoshima, S and Evans, G A and Athanasiou, M and Schultz, R and Roe, B A and Chen, F and Pan, H and Ramser, J and Lehrach, H and Reinhardt, R and McCombie, W R and de la Bastide, M and Dedhia, N and Blocker, H and Hornischer, K and Nordsiek, G and Agarwala, R and Aravind, L and Bailey, J A and Bateman, A and Batzoglou, S and Birney, E and Bork, P and Brown, D G and Burge, C B and Cerutti, L and Chen, H C and Church, D and Clamp, M and Copley, R R and Doerks, T and Eddy, S R and Eichler, E E and Furey, T S and Galagan, J and Gilbert, J G and Harmon, C and Hayashizaki, Y and Haussler, D and Hermjakob, H and Hokamp, K and Jang, W and Johnson, L S and Jones, T A and Kasif, S and Kaspryzk, A and Kennedy, S and Kent, W J and Kitts, P and Koonin, E V and Korf, I and Kulp, D and Lancet, D and Lowe, T M and McLysaght, A and Mikkelsen, T and Moran, J V and Mulder, N and Pollara, V J and Ponting, C P and Schuler, G and Schultz, J and Slater, G and Smit, A F and Stupka, E and Szustakowski, J and Thierry-Mieg, D and Thierry-Mieg, J and Wagner, L and Wallis, J and Wheeler, R and Williams, A and Wolf, Y I and Wolfe, K H and Yang, S P and Yeh, R F and Collins, F and Guyer, M S and Peterson, J and Felsenfeld, A and Wetterstrand, K A and Patrinos, A and Morgan, M J and de Jong, P and Catanese, J J and Osoegawa, K and Shizuya, H and Choi, S and Chen, Y J and Szustakowki, J and {International Human Genome Sequencing Consortium}},
title = {{Initial sequencing and analysis of the human genome.}},
journal = {Nature},
year = {2001},
volume = {409},
number = {6822},
pages = {860--921},
month = feb
}

@article{Li:2001wk,
author = {Li, C and Wong, W},
title = {{Model-based analysis of oligonucleotide arrays: model validation, design issues and standard error application.}},
journal = {Genome Biology},
year = {2001},
volume = {2},
number = {8},
pages = {RESEARCH0032}
}

@article{Li:2001jv,
author = {Li, Cheng and Wong, Wing Hung},
title = {{Model-based analysis of oligonucleotide arrays: Expression index computation and outlier detection}},
journal = {Proceedings of the National Academy of Sciences},
year = {2001},
volume = {98},
number = {1},
pages = {31--36},
month = jan
}

@article{Liu:2005ey,
author = {Liu, Xuejun and Milo, Marta and Lawrence, Neil D and Rattray, Magnus},
title = {{A tractable probabilistic model for Affymetrix probe-level analysis across multiple chips.}},
journal = {Bioinformatics},
year = {2005},
volume = {21},
number = {18},
pages = {3637--3644},
month = sep
}

@article{Maskos:1992co,
author = {Maskos, U and Southern, E M},
title = {{Oligonucleotide hybridisations on glass supports: a novel linker for oligonucleotide synthesis and hybridisation properties of oligonucleotides synthesised in situ}},
journal = {Nucleic Acids Research},
year = {1992}
}

@article{Michael:1999dm,
author = {Michael, D and Manyuan, L},
title = {{Intron{\textemdash}exon structures of eukaryotic model organisms}},
journal = {Nucleic Acids Research},
year = {1999}
}

@article{Milo:2003tt,
author = {Milo, M and Fazeli, A and Niranjan, M and Lawrence, N D},
title = {{A probabilistic model for the extraction of expression levels from oligonucleotide arrays.}},
journal = {Biochemical Society transactions},
year = {2003},
volume = {31},
number = {Pt 6},
pages = {1510--1512},
month = dec
}

@book{Mosteller:1977vp,
author = {Mosteller, Frederick and Tukey, John Wilder},
title = {{Data analysis and regression}},
publisher = {Addison-Wesley},
year = {1977},
series = {a second course in statistics}
}

@article{Schena:1995fy,
author = {Schena, M and Shalon, D and Davis, R W and Brown, P O},
title = {{Quantitative monitoring of gene expression patterns with a complementary DNA microarray.}},
journal = {Science},
year = {1995},
volume = {270},
number = {5235},
pages = {467--470},
month = oct
}

