%% Created using Papers on Tue, 08 Apr 2014.
%% http://papersapp.com/papers/

@article{Ashburner:2000ja,
author = {Ashburner, M and Ball, C A and Blake, J A and Botstein, D and Butler, H and Cherry, J M and Davis, A P and Dolinski, K and Dwight, S S and Eppig, J T and Harris, M A and Hill, D P and Issel-Tarver, L and Kasarskis, A and Lewis, S and Matese, J C and Richardson, J E and Ringwald, M and Rubin, G M and Sherlock, G},
title = {{Gene ontology: tool for the unification of biology. The Gene Ontology Consortium.}},
year = {2000},
volume = {25},
number = {1},
pages = {25--29},
month = may
}

@article{Baldi:2001ul,
author = {Baldi, Pierre and Long, Anthony D},
title = {{A Bayesian framework for the analysis of microarray expression data: regularized t -test and statistical inferences of gene changes}},
year = {2001},
volume = {17},
number = {6},
pages = {509--519},
month = jun
}

@misc{LowlevelAnalysiso:2004tg,
title = {{Low-level Analysis of High-density Oligonucleotide Array Data: Background, Normalization and Summarization}},
author = {Bolstad, Benjamin Milo},
year = {2004}
}

@article{DaposAuria:2012bd,
author = {D apos Auria, Kevin M and Donato, Gina M and Gray, Mary C and Kolling, Glynis L and Warren, Cirle A and Cave, Lauren M and Solga, Michael D and Lannigan, Joanne A and Papin, Jason A and Hewlett, Erik L},
title = {{Systems analysis of the transcriptional response of human ileocecal epithelial cells to Clostridium difficile toxins and effects on cell cycle control.}},
year = {2012},
volume = {6},
number = {1},
pages = {2}
}

@article{Durinck:2009ki,
author = {Durinck, Steffen and Spellman, Paul T and Birney, Ewan and Huber, Wolfgang},
title = {{Mapping identifiers for the integration of genomic datasets with the R/Bioconductor package biomaRt.}},
year = {2009},
volume = {4},
number = {8},
pages = {1184--1191}
}

@article{Eppig:2012ix,
author = {Eppig, Janan T and Blake, Judith A and Bult, Carol J and Kadin, James A and Richardson, Joel E and {Mouse Genome Database Group}},
title = {{The Mouse Genome Database (MGD): comprehensive resource for genetics and genomics of the laboratory mouse.}},
year = {2012},
volume = {40},
number = {Database issue},
pages = {D881--6},
month = jan
}

@article{Flicek:2012ks,
author = {Flicek, Paul and Amode, M Ridwan and Barrell, Daniel and Beal, Kathryn and Brent, Simon and Carvalho-Silva, Denise and Clapham, Peter and Coates, Guy and Fairley, Susan and Fitzgerald, Stephen and Gil, Laurent and Gordon, Leo and Hendrix, Maurice and Hourlier, Thibaut and Johnson, Nathan and K a h a ri, Andreas K and Keefe, Damian and Keenan, Stephen and Kinsella, Rhoda and Komorowska, Monika and Koscielny, Gautier and Kulesha, Eugene and Larsson, Pontus and Longden, Ian and McLaren, William and Muffato, Matthieu and Overduin, Bert and Pignatelli, Miguel and Pritchard, Bethan and Riat, Harpreet Singh and Ritchie, Graham R S and Ruffier, Magali and Schuster, Michael and Sobral, Daniel and Tang, Y Amy and Taylor, Kieron and Trevanion, Stephen and Vandrovcova, Jana and White, Simon and Wilson, Mark and Wilder, Steven P and Aken, Bronwen L and Birney, Ewan and Cunningham, Fiona and Dunham, Ian and Durbin, Richard and Fern a ndez-Suarez, Xos e M and Harrow, Jennifer and Herrero, Javier and Hubbard, Tim J P and Parker, Anne and Proctor, Glenn and Spudich, Giulietta and Vogel, Jan and Yates, Andy and Zadissa, Amonida and Searle, Stephen M J},
title = {{Ensembl 2012.}},
year = {2012},
volume = {40},
number = {Database issue},
pages = {D84--90},
month = feb
}

@article{Gautier:2004kv,
author = {Gautier, L and Cope, L and Bolstad, B M and Irizarry, R A},
title = {{affy--analysis of Affymetrix GeneChip data at the probe level}},
year = {2004},
volume = {20},
number = {3},
pages = {307--315},
month = feb
}

@article{Gentleman:2004tt,
author = {Gentleman, Robert C and Carey, Vincent J and Bates, Douglas M and Bolstad, Ben and Dettling, Marcel and Dudoit, Sandrine and Ellis, Byron and Gautier, Laurent and Ge, Yongchao and Gentry, Jeff and Hornik, Kurt and Hothorn, Torsten and Huber, Wolfgang and Iacus, Stefano and Irizarry, Rafael and Leisch, Friedrich and Li, Cheng and Maechler, Martin and Rossini, Anthony J and Sawitzki, Gunther and Smith, Colin and Smyth, Gordon and Tierney, Luke and Yang, Jean YH and Zhang, Jianhua},
title = {{Bioconductor: open software development for computational biology and bioinformatics}},
year = {2004},
volume = {5},
number = {10}
}

@article{Huang:2009uz,
author = {Huang, Da Wei and Sherman, Brad T and Lempicki, Richard A},
title = {{Systematic and integrative analysis of large gene lists using DAVID bioinformatics resources.}},
year = {2009},
volume = {4},
number = {1},
pages = {44--57}
}

@article{Kasprzyk:2011ky,
author = {Kasprzyk, Arek},
title = {{BioMart: driving a paradigm change in biological data management.}},
year = {2011},
volume = {2011},
pages = {bar049},
month = feb
}

@article{Matthews:2009kj,
title = {{Reactome knowledgebase of human biological pathways and processes.}},
journal = {Nucleic Acids Research},
year = {2009},
volume = {37},
number = {Database issue},
pages = {D619--22},
month = jan
}

@incollection{Smyth:2005um,
author = {Smyth, Gordon K},
title = {{Limma : Linear Models for Microarray Data}},
booktitle = {Bioinformatics and Computational Biology Solutions Using R and Bioconductor},
year = {2005},
pages = {397--420},
publisher = {Springer},
address = {New York}
}

@article{Wang:2007dy,
author = {Wang, Yonghong and Miao, Ze-Hong and Pommier, Yves and Kawasaki, Ernest S and Player, Audrey},
title = {{Characterization of mismatch and high-signal intensity probes associated with Affymetrix genechips.}},
year = {2007},
volume = {23},
number = {16},
pages = {2088--2095},
month = aug,
annote = {The conclusion hints that using PM probes only is a good solution to the problem of high MM probe signal intensity. The conclusion hints that using PM probes only is a good solution to the problem of high MM probe signal intensity. The conclusion hints that using PM probes only is a good solution to the problem of high MM probe signal intensity.}
}

@article{Wickham:2007tu,
author = {Wickham, H},
title = {{Reshaping Data with the reshape Package}},
year = {2007}
}

@book{Wickham:2009tn,
author = {Wickham, Hadley},
title = {{ggplot2: elegant graphics for data analysis}},
publisher = {Springer New York},
year = {2009}
}

@article{Wu:2012kp,
author = {Wu, Di and Smyth, Gordon K},
title = {{Camera: a competitive gene set test accounting for inter-gene correlation.}},
year = {2012},
volume = {40},
number = {17},
pages = {e133--e133},
month = sep,
annote = {Wu, DiSmyth, Gordon KResearch Support, Non-U.S. Gov{\&}apos;tEnglandNucleic acids researchNucleic Acids Res. 2012 Sep 1;40(17):e133. Epub 2012 May 25.}
}

@techreport{Xie:2013vq,
author = {Xie, Yihui},
title = {{knitr: A general-purpose package for dynamic report generation in R}},
year = {2013},
annote = {R package version 1.0.5}
}

@article{Zeiser:2013cu,
author = {Zeiser, Johannes and Gerhard, Ralf and Just, Ingo and Pich, Andreas},
title = {{Substrate Specificity of Clostridial Glucosylating Toxins and Their Function on Colonocytes Analyzed by Proteomics Techniques}},
journal = {Journal of Proteome Research},
year = {2013},
volume = {12},
number = {4},
pages = {1604--1618},
month = mar
}

