%% Created using Papers on Tue, 08 Apr 2014.
%% http://papersapp.com/papers/

@article{Huang:2009bea,
author = {Huang, Da Wei and Sherman, Brad T and Lempicki, Richard A},
title = {{Bioinformatics enrichment tools: paths toward the comprehensive functional analysis of large gene lists.}},
year = {2009},
volume = {37},
number = {1},
pages = {1--13},
month = jan
}

@article{SakaueSawano:2008ul,
author = {Sakaue-Sawano, A and Kurokawa, H and Morimura, T and Hanyu, A},
title = {{Visualizing spatiotemporal dynamics of multicellular cell-cycle progression}},
journal = {Cell},
year = {2008}
}

@article{Blanpain:2013tq,
author = {Blanpain, C and Simons, B D},
title = {{Unravelling stem cell dynamics by lineage tracing}},
journal = {Nature Reviews Molecular Cell Biology},
year = {2013}
}

@article{Barker:2012ul,
author = {Barker, Nick and van Oudenaarden, Alexander and Clevers, Hans},
title = {{Identifying the Stem Cell of the Intestinal Crypt: Strategies and Pitfalls}},
journal = {Cell stem cell},
year = {2012},
volume = {11},
number = {4},
pages = {452--460},
month = oct
}

@article{Berg:2009tu,
title = {{Comparing gene annotation enrichment tools for functional modeling of agricultural microarray data}},
journal = {BMC {\ldots}},
year = {2009}
}

@article{Dinu:2008tv,
author = {Dinu, I and Liu, Q and Potter, J D and Adewale, A J and Jhangri, G S},
title = {{A biological evaluation of six gene set analysis methods for identification of differentially expressed pathways in microarray data}},
journal = {Cancer {\ldots}},
year = {2008}
}

@article{Abatangelo:2009cc,
author = {Abatangelo, Luca and Maglietta, Rosalia and Distaso, Angela and D'Addabbo, Annarita and Creanza, Teresa M and Mukherjee, Sayan and Ancona, Nicola},
title = {{Comparative study of gene set enrichment methods}},
journal = {BMC Bioinformatics},
year = {2009},
volume = {10},
number = {1},
pages = {275},
month = sep
}

@article{Lyerly:1988dk,
author = {Lyerly, D M and Krivan, H C and Wilkins, T D},
title = {{Clostridium difficile: its disease and toxins.}},
journal = {Clinical Microbiology Reviews},
year = {1988}
}

@article{Pfeifer:2003bx,
author = {Pfeifer, Gunther and Schirmer, J{\"o}rg and Leemhuis, Jost and Busch, Christian and Meyer, Dieter K and Aktories, Klaus and Barth, Holger},
title = {{Cellular uptake of Clostridium difficile toxin B. Translocation of the N-terminal catalytic domain into the cytosol of eukaryotic cells.}},
journal = {The Journal of Biological Chemistry},
year = {2003},
volume = {278},
number = {45},
pages = {44535--44541},
month = nov
}

@article{Egerer:2007fya,
author = {Egerer, Martina and Giesemann, Torsten and Jank, Thomas and Satchell, Karla J Fullner and Aktories, Klaus},
title = {{Auto-catalytic cleavage of Clostridium difficile toxins A and B depends on cysteine protease activity.}},
journal = {The Journal of Biological Chemistry},
year = {2007},
volume = {282},
number = {35},
pages = {25314--25321},
month = aug
}

@article{QaDan:2000fj,
author = {Qa'Dan, M and Spyres, L M and Ballard, J D},
title = {{pH-Induced Conformational Changes inClostridium difficile Toxin B}},
journal = {Infection and Immunity},
year = {2000}
}

@article{Zemljic:2010ub,
author = {Zemljic, M and Rupnik, M and Scarpa, M and Anderluh, G and Palu, G},
title = {{Repetitive domain of Clostridium difficile toxin B exhibits cytotoxic effects on human intestinal epithelial cells and decreases epithelial barrier function}},
journal = {Anaerobe},
year = {2010}
}

@article{Papatheodorou:2010ioa,
author = {Papatheodorou, Panagiotis and Zamboglou, Constantinos and Genisyuerek, Selda and Guttenberg, Gregor and Aktories, Klaus},
title = {{Clostridial Glucosylating Toxins Enter Cells via Clathrin-Mediated Endocytosis}},
journal = {PLoS ONE},
year = {2010},
volume = {5},
number = {5},
pages = {e10673},
month = may
}

@article{Yeh:2008hda,
author = {Yeh, Chiou-Yueh and Lin, Chun-Nan and Chang, Chuan-Fa and Lin, Chun-Hung and Lien, Huei-Ting and Chen, Jen-Yang and Chia, Jean-San},
title = {{C-terminal repeats of Clostridium difficile toxin A induce production of chemokine and adhesion molecules in endothelial cells and promote migration of leukocytes.}},
journal = {Infection and Immunity},
year = {2008},
volume = {76},
number = {3},
pages = {1170--1178},
month = mar
}

@article{Frisch:2003ul,
author = {Frisch, C and Gerhard, R and Aktories, K and Hofmann, F},
title = {{The complete receptor-binding domain of Clostridium difficile toxin A is required for endocytosis}},
journal = {{\ldots} and biophysical research {\ldots}},
year = {2003}
}

@article{Greco:2006wf,
author = {Greco, A and Ho, JGS and Lin, S J and Palcic, M M},
title = {{Carbohydrate recognition by Clostridium difficile toxin A}},
journal = {Nature structural {\&} {\ldots}},
year = {2006}
}

@inproceedings{Ho:2005vm,
author = {Ho, JGS and Greco, A and Rupnik, M},
title = {{Crystal structure of receptor-binding C-terminal repeats from Clostridium difficile toxin A}},
booktitle = {Proceedings of the {\ldots}},
year = {2005}
}

@article{vonEichelStreiber:1992vb,
author = {von Eichel-Streiber, C and Sauerborn, M and Kuramitsu, H K},
title = {{Evidence for a modular structure of the homologous repetitive C-terminal carbohydrate-binding sites of Clostridium difficile toxins and Streptococcus mutans glucosyltransferases.}},
journal = {Proceedings of the National Academy of Sciences},
year = {1992},
volume = {174},
number = {20},
pages = {6707--6710},
month = oct
}

@article{vonEichelStreiber:1990ti,
author = {von Eichel-Streiber, C and Sauerborn, M},
title = {{{\ldots} i> Clostridium difficile toxin A carries a C-terminal repetitive structure homologous to the carbohydrate binding region of streptococcal glycosyltransferases}},
journal = {Gene},
year = {1990}
}

@article{Taylor:1981uda,
author = {Taylor, N S and Thorne, G M and Bartlett, J G},
title = {{Comparison of two toxins produced by Clostridium difficile.}},
journal = {Infection and Immunity},
year = {1981},
volume = {34},
number = {3},
pages = {1036--1043},
month = dec,
annote = {Taylor, N SThorne, G MBartlett, J GResearch Support, Non-U.S. Gov{\&}apos;tUnited statesInfection and immunityInfect Immun. 1981 Dec;34(3):1036-43.}
}

@article{Bartlett:1977wra,
author = {Bartlett, J G and Onderdonk, A B and Cisneros, R L and Kasper, D L},
title = {{Clindamycin-associated colitis due to a toxin-producing species of Clostridium in hamsters.}},
journal = {The Journal of Infectious Diseases},
year = {1977},
volume = {136},
number = {5},
pages = {701--705},
month = nov,
annote = {Bartlett, J GOnderdonk, A BCisneros, R LKasper, D LUnited statesThe Journal of infectious diseasesJ Infect Dis. 1977 Nov;136(5):701-5.}
}

@article{vonEichelStreiber:1992wu,
author = {von Eichel-Streiber, Christoph and Laufenberg-Feldmann, Rita and Sartingen, Sabine and Schulze, J{\"o}rg and Sauerborn, Markus},
title = {{Comparative sequence analysis of theClostridium difficile toxins A and B}},
journal = {Molecular and General Genetics MGG},
year = {1992},
volume = {233},
number = {1-2},
pages = {260--268}
}

@article{Lusk:1978ub,
author = {Lusk, R H and Fekety, R and Silva, J and Browne, R A},
title = {{Clindamycin-induced enterocolitis in hamsters}},
journal = {Journal of Infectious {\ldots}},
year = {1978}
}

@article{Chang:1978um,
author = {Chang, T W and Bartlett, J G and Gorbach, S L and Onderdonk, A B},
title = {{Clindamycin-induced enterocolitis in hamsters as a model of pseudomembranous colitis in patients.}},
journal = {Infection and Immunity},
year = {1978},
volume = {20},
number = {2},
pages = {526--529},
month = may
}

@article{Browne:1977ui,
author = {Browne, R A and Fekety Jr, R and Silva JR., J and Boyd, D I},
title = {{The protective effect of vancomycin on clindamycin-induced colitis in hamsters.}},
journal = {The Johns Hopkins {\ldots}},
year = {1977}
}

@article{Fekety:1979ul,
author = {Fekety, R and Silva, J and Toshniwal, R and Allo, M},
title = {{Antibiotic-associated colitis: effects of antibiotics on Clostridium difficile and the disease in hamsters}},
journal = {{\ldots} infectious diseases},
year = {1979}
}

@article{Ebright:1981uj,
author = {Ebright, J R and Fekety, R and Silva, J and Wilson, K H},
title = {{Evaluation of eight cephalosporins in hamster colitis model.}},
journal = {Antimicrobial Agents and Chemotherapy},
year = {1981},
volume = {19},
number = {6},
pages = {980--986},
month = jun
}

@article{Bartlett:1978tj,
author = {Bartlett, J G and Chang, T W and Gurwith, M},
title = {{Antibiotic-associated pseudomembranous colitis due to toxin-producing clostridia}},
journal = {{\ldots} England Journal of {\ldots}},
year = {1978}
}

@article{Lusk:1977wg,
author = {Lusk, R H and Fekety, F R and Silva, J},
title = {{Gastrointestinal side effects of clindamycin and ampicillin therapy}},
journal = {Journal of Infectious {\ldots}},
year = {1977}
}

@article{MRKeighley:1978ku,
author = {M R Keighley, D W Burdon Y Arabi J A Williams H Thompson D Youngs M Johnson S Bentley R H George G A Mogg},
title = {{Randomised controlled trial of vancomycin for pseudomembranous colitis and postoperative diarrhoea.}},
journal = {British medical journal},
year = {1978},
volume = {2},
number = {6153},
pages = {1667--318},
month = dec
}

@article{Tedesco:1974jo,
author = {Tedesco, F J and Barton, R W},
title = {{Clindamycin-associated colitisa prospective study}},
journal = {Annals of Internal {\ldots}},
year = {1974}
}

@article{Bartlett:2008jx,
author = {Bartlett, John G},
title = {{Historical perspectives on studies of Clostridium difficile and C. difficile infection.}},
journal = {Clinical Infectious Diseases},
year = {2008},
volume = {46 Suppl 1},
pages = {S4--11},
month = jan
}

@article{Hamre:1943te,
author = {Hamre, Dorothy M and Rake, Geoffrey and McKee, Clara M and MacPhillamy, Harold B},
title = {{The Toxicity of Penicillin As Prepared for Clinical Use}},
journal = {The American Journal of the Medical Sciences},
year = {1943},
volume = {206},
number = {5},
pages = {642},
month = nov
}

@article{Hall:1935kb,
author = {Hall, I C and O'Toole, E},
title = {{Intestinal flora in new-born infants with a description o f anew pathogenic anaerobe, Bacillus difficilis}},
journal = {American journal of diseases of {\ldots}},
year = {1935},
volume = {49},
number = {2},
pages = {390--402},
month = feb
}

@book{Anderson:2008um,
author = {Anderson, Michael A},
title = {{Porcine Enteric Disease Caused by Clostridium Difficile and Clostridium Perfringens: Epidemiology, Pathogenesis and Immunity}},
publisher = {ProQuest},
year = {2008}
}

@article{Pruitt:2010cy,
author = {Pruitt, Rory N and Chambers, Melissa G and Ng, Kenneth K S and Ohi, Melanie D and Lacy, D Borden},
title = {{Structural organization of the functional domains of Clostridium difficile toxins A and B.}},
journal = {Proceedings of the National Academy of Sciences},
year = {2010},
volume = {107},
number = {30},
pages = {13467--13472},
month = jul
}

@article{Genisyuerek:2011dr,
author = {Genisyuerek, Selda and Papatheodorou, Panagiotis and Guttenberg, Gregor and Schubert, Rolf and Benz, Roland and Aktories, Klaus},
title = {{Structural determinants for membrane insertion, pore formation and translocation of Clostridium difficile toxin B}},
journal = {Molecular Microbiology},
year = {2011},
volume = {79},
number = {6},
pages = {1643--1654}
}

@article{Pruitt:2012kx,
author = {Pruitt, Rory N and Chumbler, Nicole M and Rutherford, Stacey A and Farrow, Melissa A and Friedman, David B and Spiller, Ben and Lacy, D Borden},
title = {{Structural determinants of Clostridium difficile toxin A glucosyltransferase activity.}},
journal = {The Journal of Biological Chemistry},
year = {2012},
volume = {287},
number = {11},
pages = {8013--8020},
month = mar
}

@article{Ackermann:2009bw,
author = {Ackermann, Marit and Strimmer, Korbinian},
title = {{A general modular framework for gene set enrichment analysis}},
journal = {BMC Bioinformatics},
year = {2009},
volume = {10},
number = {1},
pages = {47},
month = feb
}

@article{Sun:2010kt,
author = {Sun, Xingmin and Savidge, Tor and Feng, Hanping},
title = {{The Enterotoxicity of Clostridium difficile Toxins}},
journal = {Toxins},
year = {2010},
volume = {2},
number = {7},
pages = {1848--1880},
month = jul,
annote = {Sun, XingminSavidge, TorFeng, HanpingSwitzerlandToxinsToxins (Basel). 2010 Jul;2(7):1848-80. doi: 10.3390/toxins2071848. Epub 2010 Jul 14.}
}

@article{Jank:2008eq,
author = {Jank, Thomas and Aktories, Klaus},
title = {{Structure and mode of action of clostridial glucosylating toxins: the ABCD model}},
journal = {Trends in Microbiology},
year = {2008},
volume = {16},
number = {5},
pages = {222--229},
month = may,
annote = {Jank, ThomasAktories, KlausReviewEnglandTrends in microbiologyTrends Microbiol. 2008 May;16(5):222-9. Epub 2008 Apr 18.}
}

@article{Just:1995kz,
author = {Just, I and Wilm, M and Selzer, J r and Rex, G and Eichel-Streiber, C v and Mann, M and Aktories, K},
title = {{The Enterotoxin from Clostridium difficile (ToxA) Monoglucosylates the Rho Proteins}},
journal = {Journal of Biological Chemistry},
year = {1995},
volume = {270},
number = {23},
pages = {13932--13936},
month = jun
}

@book{Lucado:2012wl,
author = {Lucado, Jennifer and Gould, Carolyn and Elixhauser, Anne},
title = {{Clostridium Difficile Infections (CDI) in Hospital Stays, 2009: Statistical Brief {\#}124}},
publisher = {Agency for Health Care Policy and Research (US)},
year = {2012},
series = {Healthcare Cost and Utilization Project (HCUP) Statistical Briefs},
address = {Rockville (MD)},
month = feb
}

@article{Just:1995ei,
author = {Just, I and Selzer, J and Wilm, M and Eichel-Streiber, C von and Mann, M and Aktories, K},
title = {{Glucosylation of Rho proteins by Clostridium difficile toxin B}},
journal = {Nature},
year = {1995},
volume = {375},
number = {6531},
pages = {500--503},
month = jun
}

